<?xml version="1.0" encoding="UTF-8"?>
<marc:collection xmlns:marc="http://www.loc.gov/MARC21/slim">
  <marc:record>
    <marc:leader>04287nx  a2200565   4500</marc:leader>
    <marc:controlfield tag="001">UMLRM0001</marc:controlfield>
    <marc:datafield tag="033" ind1=" " ind2=" ">
      <marc:subfield code="a">https://data.bnf.fr/ark:/12148/cb11943761j</marc:subfield>
      <marc:subfield code="2">data.bnf.fr</marc:subfield>
    </marc:datafield>
    <marc:datafield tag="033" ind1=" " ind2=" ">
      <marc:subfield code="a">https://www.wikidata.org/wiki/Q151895</marc:subfield>
      <marc:subfield code="2">Wikidata</marc:subfield>
    </marc:datafield>
    <marc:datafield tag="052" ind1=" " ind2=" ">
      <marc:subfield code="a">0000-0000-4EBA-0000-H-0000-0000-N</marc:subfield>
    </marc:datafield>
    <marc:datafield tag="100" ind1=" " ind2=" ">
      <marc:subfield code="a">20220924afrey50      ba0</marc:subfield>
    </marc:datafield>
    <marc:datafield tag="101" ind1="0" ind2=" ">
      <marc:subfield code="a">ger</marc:subfield>
    </marc:datafield>
    <marc:datafield tag="102" ind1=" " ind2=" ">
      <marc:subfield code="a">DE</marc:subfield>
    </marc:datafield>
    <marc:datafield tag="104" ind1=" " ind2=" ">
      <marc:subfield code="a">d1922     </marc:subfield>
    </marc:datafield>
    <marc:datafield tag="125" ind1="0" ind2="0">
      <marc:subfield code="a">m</marc:subfield>
    </marc:datafield>
    <marc:datafield tag="127" ind1="0" ind2=" ">
      <marc:subfield code="a">013400</marc:subfield>
    </marc:datafield>
    <marc:datafield tag="140" ind1=" " ind2=" ">
      <marc:subfield code="a">ic</marc:subfield>
      <marc:subfield code="b">fffa</marc:subfield>
      <marc:subfield code="2">BnF-GenreFilm</marc:subfield>
    </marc:datafield>
    <marc:datafield tag="145" ind1="0" ind2=" ">
      <marc:subfield code="a">b</marc:subfield>
      <marc:subfield code="b"> a2ea </marc:subfield>
    </marc:datafield>
    <marc:datafield tag="145" ind1="0" ind2=" ">
      <marc:subfield code="a">tdi</marc:subfield>
      <marc:subfield code="b">rdacontent</marc:subfield>
    </marc:datafield>
    <marc:datafield tag="147" ind1="0" ind2=" ">
      <marc:subfield code="a">a</marc:subfield>
      <marc:subfield code="e">a</marc:subfield>
    </marc:datafield>
    <marc:datafield tag="152" ind1=" " ind2=" ">
      <marc:subfield code="a">RDA-FR</marc:subfield>
    </marc:datafield>
    <marc:datafield tag="154" ind1=" " ind2=" ">
      <marc:subfield code="a">xa</marc:subfield>
    </marc:datafield>
    <marc:datafield tag="231" ind1=" " ind2=" ">
      <marc:subfield code="7">ba0yba0y</marc:subfield>
      <marc:subfield code="8">freger</marc:subfield>
      <marc:subfield code="a">Nosferatu, eine Symphonie des Grauens</marc:subfield>
      <marc:subfield code="c">film</marc:subfield>
    </marc:datafield>
    <marc:datafield tag="333" ind1=" " ind2=" ">
      <marc:subfield code="a">Adultes, tout public</marc:subfield>
    </marc:datafield>
    <marc:datafield tag="370" ind1=" " ind2=" ">
      <marc:subfield code="a">Film muet en noir et blanc avec des intertitres.</marc:subfield>
      <marc:subfield code="c">Adaptation sans autorisation du livre de Bram Stoker "Dracula", et objet de procès pour plagiat intenté par Florence Stoker, veuve de l'auteur, entre 1922 et 1925.</marc:subfield>
    </marc:datafield>
    <marc:datafield tag="378" ind1=" " ind2=" ">
      <marc:subfield code="a">En 1838 dans la ville fictive de Wisborg, Thomas Hutter, un jeune clerc de notaire ayant fait un heureux mariage avec Ellen, doit partir pour la Transylvanie afin de vendre une propriété au comte Orlok qui désire avoir une résidence dans la ville. Après un périple sur une terre d’ombres, le jeune homme est accueilli au sein d’un sinistre château par le comte. Durant la transaction, Orlok aperçoit une miniature d’Ellen qui le fascine et décide d’acquérir le bâtiment – proche de la maison du couple – qui lui est proposé. Hutter, hôte du comte, ne tardera pas à découvrir la véritable nature de celui-ci. Alors Nosferatu cheminera vers sa nouvelle propriété, répandant dans son sillage une épidémie de peste. Ellen, bientôt en proie aux mains griffues de Nosferatu qui la convoite, laissera le comte faire d’elle sa victime et sacrifie son sang au vampire pour sauver la ville frappée par la peste.</marc:subfield>
      <marc:subfield code="b">Wikipedia</marc:subfield>
      <marc:subfield code="z">fre</marc:subfield>
    </marc:datafield>
    <marc:datafield tag="431" ind1=" " ind2=" ">
      <marc:subfield code="7">ba0yba0y</marc:subfield>
      <marc:subfield code="8">frefre</marc:subfield>
      <marc:subfield code="t">Nosferatu, le vampire</marc:subfield>
      <marc:subfield code="c">film</marc:subfield>
    </marc:datafield>
    <marc:datafield tag="441" ind1=" " ind2="1">
      <marc:subfield code="3">FRBNF11917269</marc:subfield>
      <marc:subfield code="a">Murnau, Friedrich Wilhelm (1888-1931)</marc:subfield>
      <marc:subfield code="t">Nosferatu, eine Symphonie des Grauens</marc:subfield>
      <marc:subfield code="7">ba0yba0y</marc:subfield>
      <marc:subfield code="8">freger</marc:subfield>
    </marc:datafield>
    <marc:datafield tag="441" ind1=" " ind2="1">
      <marc:subfield code="3">FRBNF11917269</marc:subfield>
      <marc:subfield code="a">Murnau, Friedrich Wilhelm (1888-1931)</marc:subfield>
      <marc:subfield code="t"> tNosferatu, le vampire</marc:subfield>
      <marc:subfield code="7">ba0yba0y</marc:subfield>
      <marc:subfield code="8">frefre</marc:subfield>
    </marc:datafield>
    <marc:datafield tag="501" ind1=" " ind2="1">
      <marc:subfield code="3">FRBNF11917269</marc:subfield>
      <marc:subfield code="7">ba0yba0y</marc:subfield>
      <marc:subfield code="8">freger</marc:subfield>
      <marc:subfield code="o">ISNI 0000 0001 2276 4261</marc:subfield>
      <marc:subfield code="a">Murnau</marc:subfield>
      <marc:subfield code="b">Friedrich Wilhelm</marc:subfield>
      <marc:subfield code="f">1888-1931</marc:subfield>
      <marc:subfield code="4">300</marc:subfield>
    </marc:datafield>
    <marc:datafield tag="501" ind1=" " ind2="1">
      <marc:subfield code="3">FRBNF13770288</marc:subfield>
      <marc:subfield code="7">ba0yba0y</marc:subfield>
      <marc:subfield code="8">freger</marc:subfield>
      <marc:subfield code="o">ISNI 0000 0000 6308 3959</marc:subfield>
      <marc:subfield code="a">Galeen</marc:subfield>
      <marc:subfield code="b">Henrik</marc:subfield>
      <marc:subfield code="f">1882-1949</marc:subfield>
      <marc:subfield code="4">010</marc:subfield>
      <marc:subfield code="4">690</marc:subfield>
    </marc:datafield>
    <marc:datafield tag="501" ind1=" " ind2="1">
      <marc:subfield code="3">FRBNF15121209</marc:subfield>
      <marc:subfield code="7">ba0yba0y</marc:subfield>
      <marc:subfield code="8">fre###</marc:subfield>
      <marc:subfield code="o">ISNI 0000 0000 6314 1223</marc:subfield>
      <marc:subfield code="a">Schreck</marc:subfield>
      <marc:subfield code="b">Max</marc:subfield>
      <marc:subfield code="f">1879-1936</marc:subfield>
      <marc:subfield code="4">005</marc:subfield>
    </marc:datafield>
    <marc:datafield tag="501" ind1=" " ind2="1">
      <marc:subfield code="3">FRBNF14237807</marc:subfield>
      <marc:subfield code="7">ba0yba0y</marc:subfield>
      <marc:subfield code="8">freger</marc:subfield>
      <marc:subfield code="o">ISNI 0000 0001 0902 8614</marc:subfield>
      <marc:subfield code="a">Wangenheim</marc:subfield>
      <marc:subfield code="b">Gustav von</marc:subfield>
      <marc:subfield code="f">1895-1975</marc:subfield>
      <marc:subfield code="4">005</marc:subfield>
    </marc:datafield>
    <marc:datafield tag="501" ind1=" " ind2="1">
      <marc:subfield code="3">FRBNF14225384</marc:subfield>
      <marc:subfield code="7">ba0yba0y</marc:subfield>
      <marc:subfield code="8">freger</marc:subfield>
      <marc:subfield code="o">ISNI 0000 0000 6309 6717</marc:subfield>
      <marc:subfield code="a">Schröder</marc:subfield>
      <marc:subfield code="b">Greta</marc:subfield>
      <marc:subfield code="f">1891-1967</marc:subfield>
      <marc:subfield code="4">005</marc:subfield>
    </marc:datafield>
    <marc:datafield tag="501" ind1=" " ind2="1">
      <marc:subfield code="3">FRBNF12171467</marc:subfield>
      <marc:subfield code="7">ba0yba0y</marc:subfield>
      <marc:subfield code="8">frefre</marc:subfield>
      <marc:subfield code="o">ISNI 0000 0001 1605 7085</marc:subfield>
      <marc:subfield code="a">Erdmann</marc:subfield>
      <marc:subfield code="b">Hans</marc:subfield>
      <marc:subfield code="f">1882-1942</marc:subfield>
      <marc:subfield code="4">230</marc:subfield>
    </marc:datafield>
    <marc:datafield tag="511" ind1="0" ind2="2">
      <marc:subfield code="7">ba0yba0y</marc:subfield>
      <marc:subfield code="8">freger</marc:subfield>
      <marc:subfield code="o">ISNI 0000 0001 0382 2956</marc:subfield>
      <marc:subfield code="a">Prana Film</marc:subfield>
      <marc:subfield code="4">630</marc:subfield>
    </marc:datafield>
    <marc:datafield tag="531" ind1=" " ind2=" ">
      <marc:subfield code="5">xxm</marc:subfield>
      <marc:subfield code="3">UMLRM0007</marc:subfield>
      <marc:subfield code="7">ba0yba0y</marc:subfield>
      <marc:subfield code="8">freeng</marc:subfield>
      <marc:subfield code="a">Nosferatu, Phantom der Nacht</marc:subfield>
      <marc:subfield code="c">film</marc:subfield>
    </marc:datafield>
    <marc:datafield tag="531" ind1=" " ind2=" ">
      <marc:subfield code="5">xxm</marc:subfield>
      <marc:subfield code="3">UMLRM0129</marc:subfield>
      <marc:subfield code="7">ba0yba0y</marc:subfield>
      <marc:subfield code="8">freeng</marc:subfield>
      <marc:subfield code="a">Shadow of the vampire</marc:subfield>
      <marc:subfield code="c">film</marc:subfield>
    </marc:datafield>
    <marc:datafield tag="531" ind1=" " ind2=" ">
      <marc:subfield code="5">xxm</marc:subfield>
      <marc:subfield code="3">UMLRM0090</marc:subfield>
      <marc:subfield code="7">ba0yba0y</marc:subfield>
      <marc:subfield code="8">freeng</marc:subfield>
      <marc:subfield code="a">Nosferatu, the wrath of Malachi</marc:subfield>
      <marc:subfield code="c">jeu vidéo</marc:subfield>
    </marc:datafield>
    <marc:datafield tag="541" ind1=" " ind2="1">
      <marc:subfield code="5">xxa</marc:subfield>
      <marc:subfield code="p">Est une adaptation dans un autre mode de création de [œuvre]</marc:subfield>
      <marc:subfield code="3">UMLRM0004</marc:subfield>
      <marc:subfield code="a">Stoker, Bram (1847-1912)</marc:subfield>
      <marc:subfield code="t">Dracula</marc:subfield>
      <marc:subfield code="7">ba0yba0y</marc:subfield>
      <marc:subfield code="8">freeng</marc:subfield>
    </marc:datafield>
    <marc:datafield tag="608" ind1=" " ind2=" ">
      <marc:subfield code="3">FRBNF11931407</marc:subfield>
      <marc:subfield code="a">Films de vampire</marc:subfield>
      <marc:subfield code="2">rameau-Genre</marc:subfield>
    </marc:datafield>
    <marc:datafield tag="640" ind1="5" ind2=" ">
      <marc:subfield code="0">Date de tournage</marc:subfield>
      <marc:subfield code="a">DE</marc:subfield>
      <marc:subfield code="f">#192108###</marc:subfield>
      <marc:subfield code="i">#192110###</marc:subfield>
    </marc:datafield>
    <marc:datafield tag="640" ind1="6" ind2=" ">
      <marc:subfield code="0">Date de sortie en salle</marc:subfield>
      <marc:subfield code="a">DE</marc:subfield>
      <marc:subfield code="f">#19220304#</marc:subfield>
    </marc:datafield>
    <marc:datafield tag="640" ind1="6" ind2=" ">
      <marc:subfield code="0">Date de sortie en salle</marc:subfield>
      <marc:subfield code="a">FR</marc:subfield>
      <marc:subfield code="f">#19221027#</marc:subfield>
    </marc:datafield>
    <marc:datafield tag="801" ind1=" " ind2="0">
      <marc:subfield code="a"> FR</marc:subfield>
      <marc:subfield code="b">FR-751131015</marc:subfield>
      <marc:subfield code="c">20220924</marc:subfield>
    </marc:datafield>
    <marc:datafield tag="810" ind1=" " ind2=" ">
      <marc:subfield code="a">Wikipédia : https://fr.wikipedia.org/wiki/Nosferatu_le_vampire (2020-12-28)</marc:subfield>
    </marc:datafield>
    <marc:datafield tag="810" ind1=" " ind2=" ">
      <marc:subfield code="a">Nosferatu / Friedrich W. Murnau. - [Sannois] : RDM vidéo [éditeur, distributeur], [DL 2012]. - [Image animée : (video]</marc:subfield>
    </marc:datafield>
    <marc:datafield tag="810" ind1=" " ind2=" ">
      <marc:subfield code="a">Data.bnf.fr - https://data.bnf.fr/ark:/12148/cb11943761j</marc:subfield>
    </marc:datafield>
    <marc:datafield tag="810" ind1=" " ind2=" ">
      <marc:subfield code="a">Ciné-ressources : catalogue collectif des bibliothèques et archives de cinéma : http://www.cineressources.net (2012-03-09)</marc:subfield>
    </marc:datafield>
    <marc:datafield tag="810" ind1=" " ind2=" ">
      <marc:subfield code="a"> Registre des visas et classification : https://www.cnc.fr/professionnels/visas-et-classification/31210 (2020-12-28)</marc:subfield>
    </marc:datafield>
    <marc:datafield tag="810" ind1=" " ind2=" ">
      <marc:subfield code="a"> IMDB (Internet movie database) : https://www.imdb.com/title/tt0013442/?ref_=nv_sr_srsg_0 (2020-12-28)</marc:subfield>
    </marc:datafield>
  </marc:record>