
  <marc:record>
    <marc:leader>01357nx  a2200253   4500</marc:leader>
    <marc:controlfield tag="001">UMLRM0002</marc:controlfield>
    <marc:datafield tag="100" ind1=" " ind2=" ">
      <marc:subfield code="a">20220924afrey0103    ba0</marc:subfield>
    </marc:datafield>
    <marc:datafield tag="101" ind1="1" ind2=" ">
      <marc:subfield code="a">fre</marc:subfield>
      <marc:subfield code="c">ger</marc:subfield>
    </marc:datafield>
    <marc:datafield tag="102" ind1=" " ind2=" ">
      <marc:subfield code="a">FR</marc:subfield>
    </marc:datafield>
    <marc:datafield tag="104" ind1=" " ind2=" ">
      <marc:subfield code="a">d1995     </marc:subfield>
    </marc:datafield>
    <marc:datafield tag="105" ind1=" " ind2=" ">
      <marc:subfield code="a">ba</marc:subfield>
    </marc:datafield>
    <marc:datafield tag="127" ind1=" " ind2=" ">
      <marc:subfield code="a">010000</marc:subfield>
    </marc:datafield>
    <marc:datafield tag="145" ind1=" " ind2=" ">
      <marc:subfield code="a">b</marc:subfield>
      <marc:subfield code="b">xa2ea </marc:subfield>
    </marc:datafield>
    <marc:datafield tag="145" ind1=" " ind2=" ">
      <marc:subfield code="a">tdi</marc:subfield>
      <marc:subfield code="b">rdacontent</marc:subfield>
    </marc:datafield>
    <marc:datafield tag="147" ind1=" " ind2=" ">
      <marc:subfield code="a">a</marc:subfield>
      <marc:subfield code="e">d</marc:subfield>
      <marc:subfield code="h">a</marc:subfield>
    </marc:datafield>
    <marc:datafield tag="152" ind1=" " ind2=" ">
      <marc:subfield code="a">RDA-FR</marc:subfield>
    </marc:datafield>
    <marc:datafield tag="154" ind1=" " ind2=" ">
      <marc:subfield code="a">xb</marc:subfield>
    </marc:datafield>
    <marc:datafield tag="232" ind1=" " ind2=" ">
      <marc:subfield code="3">UMLRM0001</marc:subfield>
      <marc:subfield code="7">ba0yba0y</marc:subfield>
      <marc:subfield code="8">freger</marc:subfield>
      <marc:subfield code="a">Nosferatu, eine Symphonie des Grauens</marc:subfield>
      <marc:subfield code="c">film</marc:subfield>
      <marc:subfield code="l">Version restaurée</marc:subfield>
      <marc:subfield code="w">60mn</marc:subfield>
      <marc:subfield code="o">1995</marc:subfield>
      <marc:subfield code="m">Français</marc:subfield>
    </marc:datafield>
    <marc:datafield tag="371" ind1=" " ind2=" ">
      <marc:subfield code="f">Film muet avec intertitres en français</marc:subfield>
      <marc:subfield code="f">Version restaurée, restauration de 1995 : 60 min (24 im./s), musique de Galeshka Moravioff</marc:subfield>
    </marc:datafield>
    <marc:datafield tag="502" ind1=" " ind2="1">
      <marc:subfield code="3">FRBNF14122771</marc:subfield>
      <marc:subfield code="7">ba0yba0y</marc:subfield>
      <marc:subfield code="8">fre###</marc:subfield>
      <marc:subfield code="o">ISNI 0000 0000 0886 412X</marc:subfield>
      <marc:subfield code="a">Moravioff</marc:subfield>
      <marc:subfield code="b">Galeshka</marc:subfield>
      <marc:subfield code="4">230</marc:subfield>
    </marc:datafield>
    <marc:datafield tag="532" ind1=" " ind2=" ">
      <marc:subfield code="5">xxq</marc:subfield>
      <marc:subfield code="3">UMLRM0175</marc:subfield>
      <marc:subfield code="7">ba0yba0y</marc:subfield>
      <marc:subfield code="8">frefre</marc:subfield>
      <marc:subfield code="a">Les grands classiques du cinéma allemand</marc:subfield>
      <marc:subfield code="k">RDM vidéo</marc:subfield>
      <marc:subfield code="m">Anglais, allemand, français ; sous-titrage en français</marc:subfield>
      <marc:subfield code="n">Image animée</marc:subfield>
    </marc:datafield>
    <marc:datafield tag="640" ind1="5" ind2=" ">
      <marc:subfield code="0">Date de restauration</marc:subfield>
      <marc:subfield code="f">#1995#####</marc:subfield>
    </marc:datafield>
    <marc:datafield tag="810" ind1=" " ind2=" ">
      <marc:subfield code="a">Nosferatu / réalisation Friedrich W. Murnau ; d’après le roman "Dracula" de Bram Stoker ; scénario et adaptation Henrik Galeen ; avec Max Schreck, Greta Schroeder, Gustav von Wangenheim... [et autres]. - [Sannois] : RDM vidéo [éditeur, distributeur], [DL 2012]. - [Image animée : (video]</marc:subfield>
    </marc:datafield>
    <marc:datafield tag="810" ind1=" " ind2=" ">
      <marc:subfield code="a">Wikipédia : https://fr.wikipedia.org/wiki/Nosferatu_le_vampire (2020-12-28)</marc:subfield>
      <marc:subfield code="b">Version restaurée</marc:subfield>
    </marc:datafield>
  </marc:record>