
  <marc:record>
    <marc:leader>04782cx  a2200517   4500</marc:leader>
    <marc:controlfield tag="001">UMLRM0007</marc:controlfield>
    <marc:controlfield tag="005">20220721135821</marc:controlfield>
    <marc:datafield tag="033" ind1=" " ind2=" ">
      <marc:subfield code="a">https://www.wikidata.org/wiki/Q160259</marc:subfield>
      <marc:subfield code="2">Wikidata</marc:subfield>
    </marc:datafield>
    <marc:datafield tag="033" ind1=" " ind2=" ">
      <marc:subfield code="a">https://data.bnf.fr/ark:/12148/cb145775185</marc:subfield>
      <marc:subfield code="2">data.bnf.fr</marc:subfield>
    </marc:datafield>
    <marc:datafield tag="052" ind1=" " ind2=" ">
      <marc:subfield code="a"> 0000-0000-4EBB-0000-M-0000-0000-8</marc:subfield>
    </marc:datafield>
    <marc:datafield tag="100" ind1=" " ind2=" ">
      <marc:subfield code="a">20220721afrey50      ba0</marc:subfield>
    </marc:datafield>
    <marc:datafield tag="101" ind1="0" ind2=" ">
      <marc:subfield code="a">ger</marc:subfield>
    </marc:datafield>
    <marc:datafield tag="102" ind1=" " ind2=" ">
      <marc:subfield code="a">DE</marc:subfield>
      <marc:subfield code="a">FR</marc:subfield>
    </marc:datafield>
    <marc:datafield tag="104" ind1=" " ind2=" ">
      <marc:subfield code="a">d1978     </marc:subfield>
    </marc:datafield>
    <marc:datafield tag="125" ind1="0" ind2="0">
      <marc:subfield code="a">m</marc:subfield>
    </marc:datafield>
    <marc:datafield tag="127" ind1="0" ind2=" ">
      <marc:subfield code="a">014400</marc:subfield>
    </marc:datafield>
    <marc:datafield tag="140" ind1=" " ind2=" ">
      <marc:subfield code="a">ic</marc:subfield>
      <marc:subfield code="b">fffa</marc:subfield>
      <marc:subfield code="2">BnF-GenreFilm</marc:subfield>
    </marc:datafield>
    <marc:datafield tag="145" ind1="0" ind2=" ">
      <marc:subfield code="a">b</marc:subfield>
      <marc:subfield code="b">xa2ae </marc:subfield>
    </marc:datafield>
    <marc:datafield tag="147" ind1="0" ind2=" ">
      <marc:subfield code="a">g</marc:subfield>
      <marc:subfield code="e">c</marc:subfield>
    </marc:datafield>
    <marc:datafield tag="152" ind1=" " ind2=" ">
      <marc:subfield code="a"> RDA-FR</marc:subfield>
    </marc:datafield>
    <marc:datafield tag="154" ind1=" " ind2=" ">
      <marc:subfield code="a">xa</marc:subfield>
    </marc:datafield>
    <marc:datafield tag="231" ind1=" " ind2=" ">
      <marc:subfield code="7">ba0yba0y</marc:subfield>
      <marc:subfield code="8">freger</marc:subfield>
      <marc:subfield code="a"> Nosferatu, Phantom der Nacht</marc:subfield>
      <marc:subfield code="c">film</marc:subfield>
    </marc:datafield>
    <marc:datafield tag="333" ind1=" " ind2=" ">
      <marc:subfield code="a">Adultes, tout public</marc:subfield>
    </marc:datafield>
    <marc:datafield tag="370" ind1=" " ind2=" ">
      <marc:subfield code="c">D'après le roman de Bram Stoker et le film de F.-W. Murnau</marc:subfield>
    </marc:datafield>
    <marc:datafield tag="378" ind1=" " ind2=" ">
      <marc:subfield code="a">Au XIXe siècle, Jonathan Harker se rend dans les Carpathes afin de négocier la vente d'une maison qu'un certain comte Dracula veut acquérir. Harker tombe rapidement sous l'emprise de ce dernier, qui se rendra ensuite en Allemagne, accompagné de milliers de rats pour y transmettre la peste..</marc:subfield>
    </marc:datafield>
    <marc:datafield tag="378" ind1=" " ind2=" ">
      <marc:subfield code="a">Une chauve-souris s'agrippe aux rideaux de la chambre et Lucy hurle de terreur. Le lendemain, Jonathan Harker, son fiancé, reçoit de l'étrange Renfield l'ordre de se rendre en Transylvanie, chez le comte Dracula qui désire acquérir une maison dans la ville de Wismar. Malgré la soudaine peur de Lucy, Jonathan entreprend ce long périple. Après s'être heurté à l'angoisse des gens de la région, il rencontre le comte, inquiétant homme blanchâtre au crâne rasé et aux ongles pointus. Le lendemain, il découvre sur son cou comme deux piqûres. Plus tard Dracula, qui a admiré sur médaillon le long cou de Lucy, quitte son château dans son cercueil. Persuadé que sa fiancée court un grand danger, Jonathan tente de le prendre de vitesse. Mais c'est un homme sans mémoire, rendu fou par la fièvre qui parvient à Wismar, jusque dans les bras de Lucy qu'il ne reconnaît pas. Pendant ce temps, un bateau, sans marins où, seul, le capitaine gît mort, attaché sur le gouvernail, entre dans Wismar. À bord, les rats s'égaient dans la ville, porteurs de peste, tandis que l'ombre gigantesque de Dracula hante la maison où Lucy soigne son époux. Alors que la population découvre dans la mort toute proche une raison de vivre mieux, Lucy, qui a déjà lutté avec Dracula, l'attire dans sa chambre et s'offre en victime expiatoire à la soif du monstre. Les premiers rayons du soleil foudroient le vampire. Mais, lorsque le docteur Van Helsing, qui opposait toujours la force de la science à l'instinct de Lucy, enfonce un pieu dans le coeur du comte, il est arrêté pour meurtre et emmené dans une prison qui n'existe plus. Alors, Jonathan se lève de son fauteuil, il demande qu'on enlève le cercle d'hosties consacrées que Lucy avait tracé pour le protéger. Et il s'élance, nouveau disciple du Non Mort, afin de répandre le Mal sur terre.</marc:subfield>
      <marc:subfield code="b">Les fiches du cinéma</marc:subfield>
      <marc:subfield code="z">fre</marc:subfield>
    </marc:datafield>
    <marc:datafield tag="431" ind1=" " ind2=" ">
      <marc:subfield code="7">ba0yba0y</marc:subfield>
      <marc:subfield code="8">frefre</marc:subfield>
      <marc:subfield code="a"> Nosferatu, fantôme de la nuit</marc:subfield>
      <marc:subfield code="c">film</marc:subfield>
    </marc:datafield>
    <marc:datafield tag="441" ind1=" " ind2="1">
      <marc:subfield code="3">FRBNF11907441</marc:subfield>
      <marc:subfield code="7">ba0yba0y</marc:subfield>
      <marc:subfield code="8">freger</marc:subfield>
      <marc:subfield code="a">Herzog, Werner (1942-....)</marc:subfield>
      <marc:subfield code="t">Nosferatu, Phantom der Nacht</marc:subfield>
    </marc:datafield>
    <marc:datafield tag="441" ind1=" " ind2="1">
      <marc:subfield code="3">FRBNF11907441</marc:subfield>
      <marc:subfield code="7">ba0yba0y</marc:subfield>
      <marc:subfield code="8">frefre</marc:subfield>
      <marc:subfield code="a">Herzog, Werner (1942-....)</marc:subfield>
      <marc:subfield code="t">Nosferatu, fantôme de la nuit</marc:subfield>
    </marc:datafield>
    <marc:datafield tag="501" ind1=" " ind2="1">
      <marc:subfield code="3">FRBNF11907441</marc:subfield>
      <marc:subfield code="7">ba0yba0y</marc:subfield>
      <marc:subfield code="8">freger</marc:subfield>
      <marc:subfield code="o">ISNI 0000 0003 6858 9213</marc:subfield>
      <marc:subfield code="a">Herzog</marc:subfield>
      <marc:subfield code="b">Werner</marc:subfield>
      <marc:subfield code="f">1942-....</marc:subfield>
      <marc:subfield code="4">300</marc:subfield>
      <marc:subfield code="4">690</marc:subfield>
    </marc:datafield>
    <marc:datafield tag="501" ind1=" " ind2="1">
      <marc:subfield code="3">FRBNF14051210</marc:subfield>
      <marc:subfield code="7">ba0yba0y</marc:subfield>
      <marc:subfield code="8">freger</marc:subfield>
      <marc:subfield code="o">ISNI 0000 0001 1932 1232</marc:subfield>
      <marc:subfield code="a">Fricke</marc:subfield>
      <marc:subfield code="b">Florian</marc:subfield>
      <marc:subfield code="f">1944-2001</marc:subfield>
      <marc:subfield code="4">230</marc:subfield>
    </marc:datafield>
    <marc:datafield tag="501" ind1=" " ind2="1">
      <marc:subfield code="3">FRBNF13894283</marc:subfield>
      <marc:subfield code="7">ba0yba0y</marc:subfield>
      <marc:subfield code="8">freger</marc:subfield>
      <marc:subfield code="o">ISNI 0000 0001 1576 6840</marc:subfield>
      <marc:subfield code="a">Ganz</marc:subfield>
      <marc:subfield code="b"> Bruno</marc:subfield>
      <marc:subfield code="f">1941-2019</marc:subfield>
      <marc:subfield code="4">005</marc:subfield>
    </marc:datafield>
    <marc:datafield tag="501" ind1=" " ind2="1">
      <marc:subfield code="3">FRBNF11909778</marc:subfield>
      <marc:subfield code="7">ba0yba0y</marc:subfield>
      <marc:subfield code="8">freger</marc:subfield>
      <marc:subfield code="o">ISNI 0000 0001 1028 1684</marc:subfield>
      <marc:subfield code="a"> Kinski</marc:subfield>
      <marc:subfield code="b">Klaus</marc:subfield>
      <marc:subfield code="f">1926-1991</marc:subfield>
      <marc:subfield code="4">005</marc:subfield>
    </marc:datafield>
    <marc:datafield tag="501" ind1=" " ind2="1">
      <marc:subfield code="3">FRBNF12584861</marc:subfield>
      <marc:subfield code="7">ba0yba0y</marc:subfield>
      <marc:subfield code="8">frefre</marc:subfield>
      <marc:subfield code="o">ISNI 0000 0001 2122 0369</marc:subfield>
      <marc:subfield code="a">Adjani</marc:subfield>
      <marc:subfield code="b">Isabelle</marc:subfield>
      <marc:subfield code="f">1955-....</marc:subfield>
      <marc:subfield code="4">005</marc:subfield>
    </marc:datafield>
    <marc:datafield tag="511" ind1="0" ind2="2">
      <marc:subfield code="3">FRBNF13905863</marc:subfield>
      <marc:subfield code="7">ba0yba0y</marc:subfield>
      <marc:subfield code="8">freger</marc:subfield>
      <marc:subfield code="o">ISNI 0000 0001 2308 4612</marc:subfield>
      <marc:subfield code="a">Popol Vuh</marc:subfield>
      <marc:subfield code="4">230</marc:subfield>
    </marc:datafield>
    <marc:datafield tag="531" ind1=" " ind2=" ">
      <marc:subfield code="5">xxl</marc:subfield>
      <marc:subfield code="3">UMLRM0001</marc:subfield>
      <marc:subfield code="a">Nosferatu : eine Symphonie des Grauens</marc:subfield>
      <marc:subfield code="c">film</marc:subfield>
    </marc:datafield>
    <marc:datafield tag="541" ind1=" " ind2="1">
      <marc:subfield code="5">xxl</marc:subfield>
      <marc:subfield code="3">UMLRM0004</marc:subfield>
      <marc:subfield code="a">Stoker</marc:subfield>
      <marc:subfield code="b">Bram (1847-1912)</marc:subfield>
      <marc:subfield code="t">Dracula</marc:subfield>
    </marc:datafield>
    <marc:datafield tag="608" ind1=" " ind2=" ">
      <marc:subfield code="3">FRBNF11931407</marc:subfield>
      <marc:subfield code="a">Films de vampires</marc:subfield>
      <marc:subfield code="2">rameauGenre</marc:subfield>
    </marc:datafield>
    <marc:datafield tag="640" ind1="6" ind2=" ">
      <marc:subfield code="0">Date de copyright</marc:subfield>
      <marc:subfield code="f">#1978#####</marc:subfield>
    </marc:datafield>
    <marc:datafield tag="640" ind1="6" ind2=" ">
      <marc:subfield code="0">Date de sortie en salle</marc:subfield>
      <marc:subfield code="a">FR</marc:subfield>
      <marc:subfield code="f">#19790717#</marc:subfield>
    </marc:datafield>
    <marc:datafield tag="640" ind1="5" ind2=" ">
      <marc:subfield code="0">Date de tournage</marc:subfield>
      <marc:subfield code="f">#19780501#</marc:subfield>
      <marc:subfield code="i">#19780706#</marc:subfield>
    </marc:datafield>
    <marc:datafield tag="801" ind1=" " ind2="0">
      <marc:subfield code="a">FR</marc:subfield>
      <marc:subfield code="b">751043001</marc:subfield>
      <marc:subfield code="c">20220721</marc:subfield>
    </marc:datafield>
    <marc:datafield tag="810" ind1=" " ind2=" ">
      <marc:subfield code="a"> Dictionnaire du cinéma / sous la direction de Jean-Loup Passek. – Paris : Larousse, 1991. – [Texte noté. Image fixe : sans médiation]. – ISBN 2-03-512307-0</marc:subfield>
    </marc:datafield>
    <marc:datafield tag="810" ind1=" " ind2=" ">
      <marc:subfield code="a">Wikipedia : https://de.wikipedia.org/wiki/Nosferatu_%E2%80%93_Phantom_der_Nacht (2022-07-21)</marc:subfield>
    </marc:datafield>
    <marc:datafield tag="810" ind1=" " ind2=" ">
      <marc:subfield code="a">Ciné-ressources : catalogue collectif des bibliothèques et archives de cinéma : http://www.cineressources.net (2022-09-13)</marc:subfield>
    </marc:datafield>
    <marc:datafield tag="810" ind1=" " ind2=" ">
      <marc:subfield code="a">Data.bnf.fr - https://data.bnf.fr/ark:/12148/cb145775185</marc:subfield>
    </marc:datafield>
  </marc:record>