
  <marc:record>
    <marc:leader>00857cx  a2200217   4500</marc:leader>
    <marc:controlfield tag="001">UMLRM0008</marc:controlfield>
    <marc:controlfield tag="005">20220725112526</marc:controlfield>
    <marc:datafield tag="100" ind1=" " ind2=" ">
      <marc:subfield code="a">20220721afrey50      ba0</marc:subfield>
    </marc:datafield>
    <marc:datafield tag="101" ind1="1" ind2=" ">
      <marc:subfield code="a">fre</marc:subfield>
      <marc:subfield code="c">ger</marc:subfield>
      <marc:subfield code="j">fre</marc:subfield>
    </marc:datafield>
    <marc:datafield tag="102" ind1=" " ind2=" ">
      <marc:subfield code="a"> FR</marc:subfield>
    </marc:datafield>
    <marc:datafield tag="104" ind1=" " ind2=" ">
      <marc:subfield code="a">d1979     </marc:subfield>
    </marc:datafield>
    <marc:datafield tag="105" ind1=" " ind2=" ">
      <marc:subfield code="a">ba</marc:subfield>
    </marc:datafield>
    <marc:datafield tag="145" ind1=" " ind2=" ">
      <marc:subfield code="a">b</marc:subfield>
      <marc:subfield code="b">xa2ae </marc:subfield>
    </marc:datafield>
    <marc:datafield tag="147" ind1="1" ind2=" ">
      <marc:subfield code="a">g</marc:subfield>
      <marc:subfield code="e">c</marc:subfield>
      <marc:subfield code="h">c</marc:subfield>
    </marc:datafield>
    <marc:datafield tag="152" ind1=" " ind2=" ">
      <marc:subfield code="a"> RDA-FR </marc:subfield>
    </marc:datafield>
    <marc:datafield tag="154" ind1=" " ind2=" ">
      <marc:subfield code="a">xb</marc:subfield>
    </marc:datafield>
    <marc:datafield tag="232" ind1=" " ind2=" ">
      <marc:subfield code="3">UMLRM0007</marc:subfield>
      <marc:subfield code="7">ba0yba0y</marc:subfield>
      <marc:subfield code="8">freger</marc:subfield>
      <marc:subfield code="a">Nosferatu, Phantom der Nacht</marc:subfield>
      <marc:subfield code="c">film</marc:subfield>
      <marc:subfield code="m">français</marc:subfield>
    </marc:datafield>
    <marc:datafield tag="371" ind1=" " ind2=" ">
      <marc:subfield code="a">Surround</marc:subfield>
      <marc:subfield code="c">Sous-titrage en français pour malentendants</marc:subfield>
    </marc:datafield>
    <marc:datafield tag="432" ind1=" " ind2=" ">
      <marc:subfield code="7">ba0yba0y</marc:subfield>
      <marc:subfield code="8">frefre</marc:subfield>
      <marc:subfield code="a">Nosferatu, fantôme de la nuit</marc:subfield>
      <marc:subfield code="c">film</marc:subfield>
      <marc:subfield code="m">français</marc:subfield>
    </marc:datafield>
    <marc:datafield tag="801" ind1=" " ind2="0">
      <marc:subfield code="a">FR</marc:subfield>
      <marc:subfield code="b">751043001</marc:subfield>
      <marc:subfield code="c">20220725</marc:subfield>
    </marc:datafield>
    <marc:datafield tag="810" ind1=" " ind2=" ">
      <marc:subfield code="a">Nosferatu fantôme de la nuit / un film de Werner Herzog ; Isabelle Adjani, Klaus Kinski, [Bruno Ganz... [et autres, acteurs ; musique de Florian Fricke, Popol Vuh]. - [Neuilly-sur-Seine] : Gaumont vidéo, [DL 2010]. – [Images animées : vidéo]</marc:subfield>
    </marc:datafield>
  </marc:record>