
  <marc:record>
    <marc:leader>01239cx  a2200277   4500</marc:leader>
    <marc:controlfield tag="001">UMLRM0010</marc:controlfield>
    <marc:controlfield tag="005">20220927######.D</marc:controlfield>
    <marc:datafield tag="100" ind1=" " ind2=" ">
      <marc:subfield code="a">20220927afrey50      ba0</marc:subfield>
    </marc:datafield>
    <marc:datafield tag="101" ind1="0" ind2=" ">
      <marc:subfield code="a">fre</marc:subfield>
    </marc:datafield>
    <marc:datafield tag="102" ind1=" " ind2=" ">
      <marc:subfield code="a">FR</marc:subfield>
    </marc:datafield>
    <marc:datafield tag="104" ind1=" " ind2=" ">
      <marc:subfield code="a">d2021    </marc:subfield>
    </marc:datafield>
    <marc:datafield tag="125" ind1="0" ind2="2">
      <marc:subfield code="a">k</marc:subfield>
    </marc:datafield>
    <marc:datafield tag="140" ind1=" " ind2=" ">
      <marc:subfield code="a">te</marc:subfield>
      <marc:subfield code="b">etdoc</marc:subfield>
      <marc:subfield code="2">BnF-FonctTexMix</marc:subfield>
    </marc:datafield>
    <marc:datafield tag="145" ind1="0" ind2=" ">
      <marc:subfield code="a">i</marc:subfield>
    </marc:datafield>
    <marc:datafield tag="152" ind1=" " ind2=" ">
      <marc:subfield code="a">RDA-FR</marc:subfield>
    </marc:datafield>
    <marc:datafield tag="154" ind1=" " ind2=" ">
      <marc:subfield code="a">xa</marc:subfield>
    </marc:datafield>
    <marc:datafield tag="241" ind1=" " ind2="1">
      <marc:subfield code="3">FRBNF150579056</marc:subfield>
      <marc:subfield code="a">Palma, Paola (1971-….)</marc:subfield>
      <marc:subfield code="3">FRBNF150550510</marc:subfield>
      <marc:subfield code="a">Vezyroglou, Dimitri (1970-….)</marc:subfield>
      <marc:subfield code="t">"Nosferatu le vampire"</marc:subfield>
      <marc:subfield code="7">ba0yba0y</marc:subfield>
      <marc:subfield code="8">frefre</marc:subfield>
    </marc:datafield>
    <marc:datafield tag="370" ind1=" " ind2=" ">
      <marc:subfield code="a">Bibliographie (8 pages)</marc:subfield>
      <marc:subfield code="a">Webliographie (2 pages)</marc:subfield>
      <marc:subfield code="a">Filmographie (3 pages)</marc:subfield>
      <marc:subfield code="a">Glossaire</marc:subfield>
    </marc:datafield>
    <marc:datafield tag="501" ind1=" " ind2="1">
      <marc:subfield code="3">FRBNF150579056</marc:subfield>
      <marc:subfield code="7">ba0yba0y</marc:subfield>
      <marc:subfield code="8">fre###</marc:subfield>
      <marc:subfield code="o">ISNI 0000 0000 0254 6542</marc:subfield>
      <marc:subfield code="a">Palma</marc:subfield>
      <marc:subfield code="b">Paola</marc:subfield>
      <marc:subfield code="f">1971-….</marc:subfield>
      <marc:subfield code="4">070</marc:subfield>
    </marc:datafield>
    <marc:datafield tag="501" ind1=" " ind2="1">
      <marc:subfield code="3">FRBNF150550510</marc:subfield>
      <marc:subfield code="7">ba0yba0y</marc:subfield>
      <marc:subfield code="8">fre###</marc:subfield>
      <marc:subfield code="o">ISNI 0000 0001 2027 9756</marc:subfield>
      <marc:subfield code="a">Vezyroglou</marc:subfield>
      <marc:subfield code="b">Dimitri</marc:subfield>
      <marc:subfield code="f">1970-….</marc:subfield>
      <marc:subfield code="4">070</marc:subfield>
    </marc:datafield>
    <marc:datafield tag="631" ind1=" " ind2=" ">
      <marc:subfield code="3">UMLRM0007</marc:subfield>
      <marc:subfield code="7">ba0yba0y</marc:subfield>
      <marc:subfield code="8">freger</marc:subfield>
      <marc:subfield code="a">Nosferatu, Phantom des Nacht</marc:subfield>
      <marc:subfield code="c">film</marc:subfield>
    </marc:datafield>
    <marc:datafield tag="631" ind1=" " ind2=" ">
      <marc:subfield code="3">UMLRM0001</marc:subfield>
      <marc:subfield code="7">ba0yba0y</marc:subfield>
      <marc:subfield code="8">freger</marc:subfield>
      <marc:subfield code="a">Nosferatu, eine Symphonie des Grauens</marc:subfield>
      <marc:subfield code="c">film</marc:subfield>
    </marc:datafield>
    <marc:datafield tag="640" ind1="6" ind2=" ">
      <marc:subfield code="0">Date de première publication</marc:subfield>
      <marc:subfield code="f">#2021#####</marc:subfield>
    </marc:datafield>
    <marc:datafield tag="676" ind1=" " ind2=" ">
      <marc:subfield code="a">791.437 2</marc:subfield>
      <marc:subfield code="v">23</marc:subfield>
    </marc:datafield>
    <marc:datafield tag="801" ind1=" " ind2="0">
      <marc:subfield code="a">FR</marc:subfield>
      <marc:subfield code="b">FR-751052119</marc:subfield>
      <marc:subfield code="c">20220927</marc:subfield>
    </marc:datafield>
    <marc:datafield tag="810" ind1=" " ind2=" ">
      <marc:subfield code="a">"Nosferatu le vampire" / Paola Palma, Dimitri Vezyroglou. – Neuilly : Atlande, DL 2021. – [Texte noté : sans médiation]. – ISBN 978-2-35030-689-6</marc:subfield>
    </marc:datafield>
  </marc:record>