
  <marc:record>
    <marc:leader>01411cx  a2200301   4500</marc:leader>
    <marc:controlfield tag="001">UMLRM0013</marc:controlfield>
    <marc:controlfield tag="005">20220712.......D</marc:controlfield>
    <marc:datafield tag="100" ind1=" " ind2=" ">
      <marc:subfield code="a">20060703afrey50      ba0</marc:subfield>
    </marc:datafield>
    <marc:datafield tag="101" ind1="0" ind2=" ">
      <marc:subfield code="a">fre</marc:subfield>
    </marc:datafield>
    <marc:datafield tag="102" ind1=" " ind2=" ">
      <marc:subfield code="a">FR</marc:subfield>
    </marc:datafield>
    <marc:datafield tag="104" ind1=" " ind2=" ">
      <marc:subfield code="a">d2005    </marc:subfield>
    </marc:datafield>
    <marc:datafield tag="125" ind1="0" ind2=" ">
      <marc:subfield code="a">m</marc:subfield>
    </marc:datafield>
    <marc:datafield tag="140" ind1=" " ind2=" ">
      <marc:subfield code="a">mi</marc:subfield>
      <marc:subfield code="b">prosp</marc:subfield>
      <marc:subfield code="2">BnF-FonctTexMix</marc:subfield>
    </marc:datafield>
    <marc:datafield tag="145" ind1="0" ind2=" ">
      <marc:subfield code="a">b</marc:subfield>
      <marc:subfield code="b">xb2e  </marc:subfield>
    </marc:datafield>
    <marc:datafield tag="145" ind1="0" ind2=" ">
      <marc:subfield code="a">i</marc:subfield>
    </marc:datafield>
    <marc:datafield tag="147" ind1="0" ind2=" ">
      <marc:subfield code="a">h</marc:subfield>
    </marc:datafield>
    <marc:datafield tag="152" ind1=" " ind2=" ">
      <marc:subfield code="a">RDA-FR</marc:subfield>
    </marc:datafield>
    <marc:datafield tag="154" ind1=" " ind2=" ">
      <marc:subfield code="a">xa</marc:subfield>
    </marc:datafield>
    <marc:datafield tag="231" ind1=" " ind2=" ">
      <marc:subfield code="a">Jean-Claude Gallotta, Nosferatu, ballet de l'Opéra</marc:subfield>
      <marc:subfield code="c">programme</marc:subfield>
      <marc:subfield code="d">2006-05</marc:subfield>
      <marc:subfield code="7">ba0yba0y</marc:subfield>
      <marc:subfield code="8">frefre</marc:subfield>
    </marc:datafield>
    <marc:datafield tag="370" ind1=" " ind2=" ">
      <marc:subfield code="a">Présence d’illustrations</marc:subfield>
    </marc:datafield>
    <marc:datafield tag="511" ind1="0" ind2="2">
      <marc:subfield code="5">x|x|a</marc:subfield>
      <marc:subfield code="3">FRBNF11865646</marc:subfield>
      <marc:subfield code="o">ISNI 0000 0001 2322 4603</marc:subfield>
      <marc:subfield code="a">Opéra national de Paris</marc:subfield>
      <marc:subfield code="4">651</marc:subfield>
    </marc:datafield>
    <marc:datafield tag="515" ind1=" " ind2=" ">
      <marc:subfield code="0">Lieu de l’événement à l’origine de l’œuvre</marc:subfield>
      <marc:subfield code="a">Opéra Bastille (Paris, France ; lieu)</marc:subfield>
    </marc:datafield>
    <marc:datafield tag="608" ind1=" " ind2=" ">
      <marc:subfield code="3">FRBNF119770069</marc:subfield>
      <marc:subfield code="a">Programmes</marc:subfield>
      <marc:subfield code="2">rameauForme</marc:subfield>
    </marc:datafield>
    <marc:datafield tag="632" ind1=" " ind2=" ">
      <marc:subfield code="3">UMLRM0148</marc:subfield>
      <marc:subfield code="7">ba0yba0y</marc:subfield>
      <marc:subfield code="8">frefre</marc:subfield>
      <marc:subfield code="a">Nosferatu</marc:subfield>
      <marc:subfield code="c">spectacle</marc:subfield>
      <marc:subfield code="d">2001</marc:subfield>
      <marc:subfield code="e">Paris ; Opéra Bastille</marc:subfield>
      <marc:subfield code="l">Réalisation</marc:subfield>
    </marc:datafield>
    <marc:datafield tag="640" ind1="6" ind2=" ">
      <marc:subfield code="0">Date de copyright de la première expression</marc:subfield>
      <marc:subfield code="f">#2005#####</marc:subfield>
    </marc:datafield>
    <marc:datafield tag="641" ind1=" " ind2="1">
      <marc:subfield code="3">UMLRM0142</marc:subfield>
      <marc:subfield code="7">ba0yba0y</marc:subfield>
      <marc:subfield code="8">frefre</marc:subfield>
      <marc:subfield code="a">Gallotta, Jean-Claude (1950-....)</marc:subfield>
      <marc:subfield code="t">Nosferatu</marc:subfield>
    </marc:datafield>
    <marc:datafield tag="801" ind1=" " ind2="0">
      <marc:subfield code="a">FR</marc:subfield>
      <marc:subfield code="b">FR-751131015</marc:subfield>
      <marc:subfield code="c">20220920</marc:subfield>
    </marc:datafield>
    <marc:datafield tag="810" ind1=" " ind2=" ">
      <marc:subfield code="a"> Jean-Claude Gallotta, Nosferatu, ballet de l'Opéra: [chorégraphie de Jean-Claude Gallotta, musiques de Pascal Dusapin] : [programme, 6 mai 2006, Opéra national de Paris, Opéra Bastille] / Opéra national de Paris. – Paris : Opéra national de Paris, copyright 2005. – [Texte noté. Image fixe : sans médiation]</marc:subfield>
    </marc:datafield>
  </marc:record>