
  <marc:record>
    <marc:leader>02040nx  a2200337   4500</marc:leader>
    <marc:controlfield tag="001">UMLRM0031</marc:controlfield>
    <marc:datafield tag="100" ind1=" " ind2=" ">
      <marc:subfield code="a">20221024afrey50      ba0</marc:subfield>
    </marc:datafield>
    <marc:datafield tag="101" ind1="0" ind2=" ">
      <marc:subfield code="a">fre </marc:subfield>
    </marc:datafield>
    <marc:datafield tag="102" ind1=" " ind2=" ">
      <marc:subfield code="a">FR</marc:subfield>
    </marc:datafield>
    <marc:datafield tag="104" ind1=" " ind2=" ">
      <marc:subfield code="a">d2014    </marc:subfield>
    </marc:datafield>
    <marc:datafield tag="125" ind1="0" ind2="2">
      <marc:subfield code="a">d</marc:subfield>
    </marc:datafield>
    <marc:datafield tag="125" ind1="0" ind2="2">
      <marc:subfield code="a">e</marc:subfield>
    </marc:datafield>
    <marc:datafield tag="140" ind1=" " ind2=" ">
      <marc:subfield code="a">te</marc:subfield>
      <marc:subfield code="b">rofan</marc:subfield>
      <marc:subfield code="2">BnF-GenreLitt</marc:subfield>
    </marc:datafield>
    <marc:datafield tag="140" ind1=" " ind2=" ">
      <marc:subfield code="a">te</marc:subfield>
      <marc:subfield code="b">roepi</marc:subfield>
      <marc:subfield code="2">BnF-GenreLitt</marc:subfield>
    </marc:datafield>
    <marc:datafield tag="140" ind1=" " ind2=" ">
      <marc:subfield code="a">te</marc:subfield>
      <marc:subfield code="b">lecmc</marc:subfield>
      <marc:subfield code="2">BnF-FonctTexMix</marc:subfield>
    </marc:datafield>
    <marc:datafield tag="145" ind1="0" ind2=" ">
      <marc:subfield code="a">i</marc:subfield>
    </marc:datafield>
    <marc:datafield tag="145" ind1="0" ind2=" ">
      <marc:subfield code="a">b1</marc:subfield>
      <marc:subfield code="b">xb2e  </marc:subfield>
    </marc:datafield>
    <marc:datafield tag="147" ind1="0" ind2=" ">
      <marc:subfield code="a">a</marc:subfield>
    </marc:datafield>
    <marc:datafield tag="152" ind1=" " ind2=" ">
      <marc:subfield code="a">RDA-FR</marc:subfield>
    </marc:datafield>
    <marc:datafield tag="154" ind1=" " ind2=" ">
      <marc:subfield code="a">xa</marc:subfield>
    </marc:datafield>
    <marc:datafield tag="241" ind1=" " ind2="1">
      <marc:subfield code="3">FRBNF11925586</marc:subfield>
      <marc:subfield code="a">Stoker, Bram (1847-1912)</marc:subfield>
      <marc:subfield code="t">Dracula</marc:subfield>
      <marc:subfield code="c">Choix</marc:subfield>
      <marc:subfield code="k">Bruneel-Ziane</marc:subfield>
      <marc:subfield code="7">ba0yba0y</marc:subfield>
      <marc:subfield code="8">freeng</marc:subfield>
    </marc:datafield>
    <marc:datafield tag="333" ind1=" " ind2=" ">
      <marc:subfield code="a">Ouvrage parascolaire, niveau collège et lycée professionnel</marc:subfield>
    </marc:datafield>
    <marc:datafield tag="370" ind1=" " ind2=" ">
      <marc:subfield code="a">Choix d’extraits signalant les passages supprimés et résumant l’intrigue entre deux extraits</marc:subfield>
      <marc:subfield code="a">Accompagné d’un dossier comprenant notamment une présentation de l’auteur et de son œuvre en contexte, une étude de l’œuvre selon 5 thématiques et un lexique établi par Michèle Sendre</marc:subfield>
      <marc:subfield code="a">Illustrations</marc:subfield>
      <marc:subfield code="a">Complété par des ressources pédagogiques à destination des enseignants : 2 fiches d’activité (« Dracula : entrer dans l’œuvre » et « Dracula : histoire des arts ») et un livre du professeur disponibles sur le site de l’éditeur</marc:subfield>
    </marc:datafield>
    <marc:datafield tag="501" ind1=" " ind2="1">
      <marc:subfield code="3">FRBNF11925586</marc:subfield>
      <marc:subfield code="7">ba0yba0y</marc:subfield>
      <marc:subfield code="8">freeng</marc:subfield>
      <marc:subfield code="o">ISNI 0000 0001 2122 2356</marc:subfield>
      <marc:subfield code="a">Stoker</marc:subfield>
      <marc:subfield code="b">Bram</marc:subfield>
      <marc:subfield code="f">1847-1912</marc:subfield>
      <marc:subfield code="4">070</marc:subfield>
    </marc:datafield>
    <marc:datafield tag="501" ind1=" " ind2="1">
      <marc:subfield code="3">FRBNF16718404</marc:subfield>
      <marc:subfield code="7">ba0yba0y</marc:subfield>
      <marc:subfield code="8">fre###</marc:subfield>
      <marc:subfield code="o">ISNI 0000 0004 1990 1570</marc:subfield>
      <marc:subfield code="a">Ziane-Bruneel</marc:subfield>
      <marc:subfield code="b">Nadia</marc:subfield>
      <marc:subfield code="f">1963-....</marc:subfield>
      <marc:subfield code="4">340</marc:subfield>
    </marc:datafield>
    <marc:datafield tag="501" ind1=" " ind2="1">
      <marc:subfield code="3">FRBNF12202765</marc:subfield>
      <marc:subfield code="7">ba0yba0y</marc:subfield>
      <marc:subfield code="8">frefre</marc:subfield>
      <marc:subfield code="o">ISNI 0000 0000 0064 6937</marc:subfield>
      <marc:subfield code="a">Sendre-Haïdar</marc:subfield>
      <marc:subfield code="b">Michèle</marc:subfield>
      <marc:subfield code="4">205</marc:subfield>
    </marc:datafield>
    <marc:datafield tag="541" ind1=" " ind2="1">
      <marc:subfield code="5">xxr</marc:subfield>
      <marc:subfield code="p">Est une sélection de [œuvre]</marc:subfield>
      <marc:subfield code="3">UMLRM0004</marc:subfield>
      <marc:subfield code="7">ba0yba0y</marc:subfield>
      <marc:subfield code="8">freeng</marc:subfield>
      <marc:subfield code="a">Stoker, Bram (1847-1912)</marc:subfield>
      <marc:subfield code="t">Dracula</marc:subfield>
    </marc:datafield>
    <marc:datafield tag="640" ind1="6" ind2=" ">
      <marc:subfield code="0">Date de première publication</marc:subfield>
      <marc:subfield code="f">#2014#####</marc:subfield>
    </marc:datafield>
    <marc:datafield tag="676" ind1=" " ind2=" ">
      <marc:subfield code="a">823</marc:subfield>
      <marc:subfield code="v">23</marc:subfield>
    </marc:datafield>
    <marc:datafield tag="801" ind1=" " ind2="0">
      <marc:subfield code="a">FR</marc:subfield>
      <marc:subfield code="b">FR-751131010</marc:subfield>
      <marc:subfield code="c">20221005</marc:subfield>
      <marc:subfield code="g">RDA-FR</marc:subfield>
    </marc:datafield>
    <marc:datafield tag="810" ind1=" " ind2=" ">
      <marc:subfield code="a">Dracula / Bram Stoker ; traduction de Lucienne Molitor ; choix des extraits et appareil pédagogique établi par Nadia Bruneel-Ziane,... ; lexique établi par Michèle Sendre. – [Paris] : Magnard, impr. 2014. – [Texte noté : sans médiation]. – ISBN 978-2-210-74066-2</marc:subfield>
    </marc:datafield>
  </marc:record>