
  <marc:record>
    <marc:leader>01935nx  a2200349   4500</marc:leader>
    <marc:controlfield tag="001">UMLRM0037</marc:controlfield>
    <marc:datafield tag="100" ind1=" " ind2=" ">
      <marc:subfield code="a">20221005afrey50      ba0</marc:subfield>
    </marc:datafield>
    <marc:datafield tag="101" ind1="0" ind2=" ">
      <marc:subfield code="a">fre </marc:subfield>
    </marc:datafield>
    <marc:datafield tag="102" ind1=" " ind2=" ">
      <marc:subfield code="a">FR</marc:subfield>
    </marc:datafield>
    <marc:datafield tag="104" ind1=" " ind2=" ">
      <marc:subfield code="a">d2004    </marc:subfield>
    </marc:datafield>
    <marc:datafield tag="125" ind1="0" ind2="2">
      <marc:subfield code="a">d</marc:subfield>
    </marc:datafield>
    <marc:datafield tag="140" ind1=" " ind2=" ">
      <marc:subfield code="a">te</marc:subfield>
      <marc:subfield code="b">rofan</marc:subfield>
      <marc:subfield code="2">BnF-GenreLitt</marc:subfield>
    </marc:datafield>
    <marc:datafield tag="140" ind1=" " ind2=" ">
      <marc:subfield code="a">te</marc:subfield>
      <marc:subfield code="b">roepi</marc:subfield>
      <marc:subfield code="2">BnF-GenreLitt</marc:subfield>
    </marc:datafield>
    <marc:datafield tag="140" ind1=" " ind2=" ">
      <marc:subfield code="a">te</marc:subfield>
      <marc:subfield code="b">lecmc</marc:subfield>
      <marc:subfield code="2">BnF-FonctTexMix</marc:subfield>
    </marc:datafield>
    <marc:datafield tag="145" ind1="0" ind2=" ">
      <marc:subfield code="a">i</marc:subfield>
    </marc:datafield>
    <marc:datafield tag="145" ind1="0" ind2=" ">
      <marc:subfield code="a">b1</marc:subfield>
      <marc:subfield code="b">xb2e  </marc:subfield>
    </marc:datafield>
    <marc:datafield tag="147" ind1="0" ind2=" ">
      <marc:subfield code="a">a</marc:subfield>
    </marc:datafield>
    <marc:datafield tag="152" ind1=" " ind2=" ">
      <marc:subfield code="a">RDA-FR</marc:subfield>
    </marc:datafield>
    <marc:datafield tag="154" ind1=" " ind2=" ">
      <marc:subfield code="a">xa</marc:subfield>
    </marc:datafield>
    <marc:datafield tag="241" ind1=" " ind2="1">
      <marc:subfield code="3">FRBNF11925586</marc:subfield>
      <marc:subfield code="a">Stoker, Bram (1847-1912)</marc:subfield>
      <marc:subfield code="t">Dracula</marc:subfield>
      <marc:subfield code="c">Choix</marc:subfield>
      <marc:subfield code="k">Cassou-Noguès ; Langenhagen</marc:subfield>
      <marc:subfield code="7">ba0yba0y</marc:subfield>
      <marc:subfield code="8">freeng</marc:subfield>
    </marc:datafield>
    <marc:datafield tag="333" ind1=" " ind2=" ">
      <marc:subfield code="a">Ouvrage parascolaire, niveau collège</marc:subfield>
    </marc:datafield>
    <marc:datafield tag="370" ind1=" " ind2=" ">
      <marc:subfield code="a">Édition par extraits conservant la numérotation des chapitres du texte intégral et signalant les passages supprimés et résumés</marc:subfield>
      <marc:subfield code="a">Accompagné d’un dossier comprenant notamment une biographie de l’auteur, des repères chronologiques, des éléments de contexte historique et culturel, un cahier iconographique et une filmographie (9 pages)</marc:subfield>
    </marc:datafield>
    <marc:datafield tag="378" ind1=" " ind2=" ">
      <marc:subfield code="a">Version abrégée d'un classique du vampirisme.</marc:subfield>
      <marc:subfield code="b">Sudoc</marc:subfield>
      <marc:subfield code="z">fre</marc:subfield>
    </marc:datafield>
    <marc:datafield tag="501" ind1=" " ind2="1">
      <marc:subfield code="3">FRBNF11925586</marc:subfield>
      <marc:subfield code="7">ba0yba0y</marc:subfield>
      <marc:subfield code="8">freeng</marc:subfield>
      <marc:subfield code="o">ISNI 0000 0001 2122 2356</marc:subfield>
      <marc:subfield code="a">Stoker</marc:subfield>
      <marc:subfield code="b">Bram</marc:subfield>
      <marc:subfield code="f">1847-1912</marc:subfield>
      <marc:subfield code="4">070</marc:subfield>
    </marc:datafield>
    <marc:datafield tag="501" ind1=" " ind2="1">
      <marc:subfield code="3">FRBNF14473026</marc:subfield>
      <marc:subfield code="7">ba0yba0y</marc:subfield>
      <marc:subfield code="8">frefre</marc:subfield>
      <marc:subfield code="o">ISNI 0000 0000 4894 7827</marc:subfield>
      <marc:subfield code="a">Cassou-Noguès</marc:subfield>
      <marc:subfield code="b">Anne</marc:subfield>
      <marc:subfield code="4">340</marc:subfield>
    </marc:datafield>
    <marc:datafield tag="501" ind1=" " ind2="1">
      <marc:subfield code="3">FRBNF14473027</marc:subfield>
      <marc:subfield code="7">ba0yba0y</marc:subfield>
      <marc:subfield code="8">frefre</marc:subfield>
      <marc:subfield code="o">ISNI 0000 0003 8316 7553</marc:subfield>
      <marc:subfield code="a">Langenhagen</marc:subfield>
      <marc:subfield code="b">Marie-Aude de</marc:subfield>
      <marc:subfield code="f">1975-....</marc:subfield>
      <marc:subfield code="4">340</marc:subfield>
    </marc:datafield>
    <marc:datafield tag="541" ind1=" " ind2="1">
      <marc:subfield code="5">xxr</marc:subfield>
      <marc:subfield code="p">Est une sélection de [œuvre]</marc:subfield>
      <marc:subfield code="3">UMLRM0004</marc:subfield>
      <marc:subfield code="7">ba0yba0y</marc:subfield>
      <marc:subfield code="8">freeng</marc:subfield>
      <marc:subfield code="a">Stoker, Bram (1847-1912)</marc:subfield>
      <marc:subfield code="t">Dracula</marc:subfield>
    </marc:datafield>
    <marc:datafield tag="640" ind1="6" ind2=" ">
      <marc:subfield code="0">Date de première publication</marc:subfield>
      <marc:subfield code="f">#2004#####</marc:subfield>
    </marc:datafield>
    <marc:datafield tag="676" ind1=" " ind2=" ">
      <marc:subfield code="a">823</marc:subfield>
      <marc:subfield code="v">23</marc:subfield>
    </marc:datafield>
    <marc:datafield tag="801" ind1=" " ind2="0">
      <marc:subfield code="a">FR</marc:subfield>
      <marc:subfield code="b">FR-751131010</marc:subfield>
      <marc:subfield code="c">20221005</marc:subfield>
      <marc:subfield code="g">RDA-FR</marc:subfield>
    </marc:datafield>
    <marc:datafield tag="810" ind1=" " ind2=" ">
      <marc:subfield code="a">Dracula / Bram Stoker ; traduction par Jacques Finné ; présentation, notes, choix des extraits et dossier par Anne Cassou-Noguès et Marie-Ande de Langenhagen. – Paris : Flammarion, 2004. – [Texte noté : sans médiation]. – ISBN 2-08-072188-7</marc:subfield>
    </marc:datafield>
    <marc:datafield tag="810" ind1=" " ind2=" ">
      <marc:subfield code="a">Sudoc : https://www.sudoc.fr/078705177 (2022-10-05)</marc:subfield>
      <marc:subfield code="b">Résumé</marc:subfield>
    </marc:datafield>
  </marc:record>