
  <marc:record>
    <marc:leader>01110nx  a2200217   4500</marc:leader>
    <marc:controlfield tag="001">UMLRM0041</marc:controlfield>
    <marc:datafield tag="100" ind1=" " ind2=" ">
      <marc:subfield code="a">20220809afrey0103ba0</marc:subfield>
    </marc:datafield>
    <marc:datafield tag="101" ind1="1" ind2=" ">
      <marc:subfield code="a">fre</marc:subfield>
      <marc:subfield code="c">ger</marc:subfield>
    </marc:datafield>
    <marc:datafield tag="102" ind1=" " ind2=" ">
      <marc:subfield code="a">FR</marc:subfield>
    </marc:datafield>
    <marc:datafield tag="104" ind1=" " ind2=" ">
      <marc:subfield code="a">d2010     </marc:subfield>
    </marc:datafield>
    <marc:datafield tag="105" ind1=" " ind2=" ">
      <marc:subfield code="a">ba</marc:subfield>
    </marc:datafield>
    <marc:datafield tag="145" ind1=" " ind2=" ">
      <marc:subfield code="a">i</marc:subfield>
      <marc:subfield code="b">axxe  </marc:subfield>
    </marc:datafield>
    <marc:datafield tag="152" ind1=" " ind2=" ">
      <marc:subfield code="a">RDA-FR</marc:subfield>
    </marc:datafield>
    <marc:datafield tag="154" ind1=" " ind2=" ">
      <marc:subfield code="a">xb</marc:subfield>
    </marc:datafield>
    <marc:datafield tag="242" ind1=" " ind2="1">
      <marc:subfield code="3">UMLRM0004</marc:subfield>
      <marc:subfield code="7">ba0yba0y</marc:subfield>
      <marc:subfield code="8">freeng</marc:subfield>
      <marc:subfield code="a">Stoker, Bram (1847-1912)</marc:subfield>
      <marc:subfield code="t">Dracula</marc:subfield>
      <marc:subfield code="m">Français</marc:subfield>
      <marc:subfield code="w">Sirgent</marc:subfield>
      <marc:subfield code="n">Texte noté</marc:subfield>
    </marc:datafield>
    <marc:datafield tag="502" ind1=" " ind2="1">
      <marc:subfield code="3">FRBNF15547545</marc:subfield>
      <marc:subfield code="7">ba0yba0y</marc:subfield>
      <marc:subfield code="8">frefre</marc:subfield>
      <marc:subfield code="o">ISNI 0000 0000 0188 825</marc:subfield>
      <marc:subfield code="a">Sirgent</marc:subfield>
      <marc:subfield code="b">Jacques</marc:subfield>
      <marc:subfield code="4">730</marc:subfield>
    </marc:datafield>
    <marc:datafield tag="542" ind1=" " ind2="1">
      <marc:subfield code="5">xxo</marc:subfield>
      <marc:subfield code="p">Est une traduction de</marc:subfield>
      <marc:subfield code="3">UMLRM0005</marc:subfield>
      <marc:subfield code="7">ba0yba0y</marc:subfield>
      <marc:subfield code="8">freeng</marc:subfield>
      <marc:subfield code="a">Stoker, Bram (1847-1912)</marc:subfield>
      <marc:subfield code="t">Dracula</marc:subfield>
      <marc:subfield code="m">Anglais</marc:subfield>
      <marc:subfield code="n">Texte noté</marc:subfield>
    </marc:datafield>
    <marc:datafield tag="640" ind1="6" ind2=" ">
      <marc:subfield code="0">Date de première publication</marc:subfield>
      <marc:subfield code="f">#2010#####</marc:subfield>
    </marc:datafield>
    <marc:datafield tag="801" ind1=" " ind2="0">
      <marc:subfield code="a">FR</marc:subfield>
      <marc:subfield code="b">FR-341725402</marc:subfield>
      <marc:subfield code="c">20220809</marc:subfield>
    </marc:datafield>
    <marc:datafield tag="810" ind1=" " ind2=" ">
      <marc:subfield code="a">Dracula] / Bram Stoker ; traduit de l'anglais par Jacques Sirgent. – Nouvelle traduction. – Rosières-en-Haye : le Camion blanc, impr. 2010. – [Texte noté : sans médiation]. – ISBN 978-2-35779-055-1</marc:subfield>
    </marc:datafield>
    <marc:datafield tag="810" ind1=" " ind2=" ">
      <marc:subfield code="a">Dracula : traduction intégrale / Bram Stoker ; traduit de l'anglais par Jacques Sirgent. – Paris : J'ai lu, impr. 2012. – [Texte noté : sans médiation]. – ISBN 978-2-290-05740-7</marc:subfield>
    </marc:datafield>
  </marc:record>