
  <marc:record>
    <marc:leader>01500nx  a2200253   4500</marc:leader>
    <marc:controlfield tag="001">UMLRM0059</marc:controlfield>
    <marc:datafield tag="100" ind1=" " ind2=" ">
      <marc:subfield code="a">20221007afrey50      ba0</marc:subfield>
    </marc:datafield>
    <marc:datafield tag="101" ind1="1" ind2=" ">
      <marc:subfield code="a">fre</marc:subfield>
      <marc:subfield code="c">eng</marc:subfield>
    </marc:datafield>
    <marc:datafield tag="102" ind1=" " ind2=" ">
      <marc:subfield code="a">FR</marc:subfield>
    </marc:datafield>
    <marc:datafield tag="104" ind1=" " ind2=" ">
      <marc:subfield code="a">d1932     </marc:subfield>
    </marc:datafield>
    <marc:datafield tag="105" ind1=" " ind2=" ">
      <marc:subfield code="a">ba</marc:subfield>
    </marc:datafield>
    <marc:datafield tag="145" ind1=" " ind2=" ">
      <marc:subfield code="a">i</marc:subfield>
      <marc:subfield code="b">axxe  </marc:subfield>
    </marc:datafield>
    <marc:datafield tag="152" ind1=" " ind2=" ">
      <marc:subfield code="a">RDA-FR</marc:subfield>
    </marc:datafield>
    <marc:datafield tag="154" ind1=" " ind2=" ">
      <marc:subfield code="a">xb</marc:subfield>
    </marc:datafield>
    <marc:datafield tag="242" ind1=" " ind2="1">
      <marc:subfield code="3">UMLRM0004</marc:subfield>
      <marc:subfield code="7">ba0yba0y</marc:subfield>
      <marc:subfield code="8">freeng</marc:subfield>
      <marc:subfield code="a">Stoker, Bram (1847-1912)</marc:subfield>
      <marc:subfield code="t">Dracula</marc:subfield>
      <marc:subfield code="m">Français</marc:subfield>
      <marc:subfield code="w">Paul-Margueritte</marc:subfield>
      <marc:subfield code="l">Version abrégée</marc:subfield>
      <marc:subfield code="n">Texte noté</marc:subfield>
    </marc:datafield>
    <marc:datafield tag="371" ind1=" " ind2=" ">
      <marc:subfield code="f">Version abrégée suivant le découpage du film « Dracula » de Tod Browning</marc:subfield>
    </marc:datafield>
    <marc:datafield tag="442" ind1=" " ind2="1">
      <marc:subfield code="7">ba0yba0y</marc:subfield>
      <marc:subfield code="8">frefre</marc:subfield>
      <marc:subfield code="a">Stoker, Bram (1847-1912)</marc:subfield>
      <marc:subfield code="t">Dracula, l'homme de la nuit</marc:subfield>
      <marc:subfield code="l">Version abrégée</marc:subfield>
      <marc:subfield code="n">Texte noté</marc:subfield>
    </marc:datafield>
    <marc:datafield tag="502" ind1=" " ind2="1">
      <marc:subfield code="3">FRBNF12630239</marc:subfield>
      <marc:subfield code="7">ba0yba0y</marc:subfield>
      <marc:subfield code="8">frefre</marc:subfield>
      <marc:subfield code="o">ISNI 0000 0000 7998 1809</marc:subfield>
      <marc:subfield code="a">Paul-Margueritte</marc:subfield>
      <marc:subfield code="b">Ève</marc:subfield>
      <marc:subfield code="4">730</marc:subfield>
    </marc:datafield>
    <marc:datafield tag="502" ind1=" " ind2="1">
      <marc:subfield code="3">FRBNF12126118</marc:subfield>
      <marc:subfield code="7">ba0yba0y</marc:subfield>
      <marc:subfield code="8">frefre</marc:subfield>
      <marc:subfield code="o">ISNI 0000 0000 7974 3368</marc:subfield>
      <marc:subfield code="a">Paul-Margueritte</marc:subfield>
      <marc:subfield code="b">Lucie</marc:subfield>
      <marc:subfield code="4">730</marc:subfield>
    </marc:datafield>
    <marc:datafield tag="542" ind1=" " ind2="1">
      <marc:subfield code="5">xxo</marc:subfield>
      <marc:subfield code="p">Est un abrégé de</marc:subfield>
      <marc:subfield code="3">UMLRM0056</marc:subfield>
      <marc:subfield code="7">ba0yba0y</marc:subfield>
      <marc:subfield code="8">frefre</marc:subfield>
      <marc:subfield code="a">Stoker, Bram (1847-1912)</marc:subfield>
      <marc:subfield code="t">Dracula</marc:subfield>
      <marc:subfield code="m">Français</marc:subfield>
      <marc:subfield code="w">Paul-Margueritte</marc:subfield>
      <marc:subfield code="n">Texte noté</marc:subfield>
    </marc:datafield>
    <marc:datafield tag="640" ind1="6" ind2=" ">
      <marc:subfield code="0">Date de première publication</marc:subfield>
      <marc:subfield code="f">#1932#####</marc:subfield>
    </marc:datafield>
    <marc:datafield tag="801" ind1=" " ind2="0">
      <marc:subfield code="a">FR</marc:subfield>
      <marc:subfield code="b">FR-751052119</marc:subfield>
      <marc:subfield code="c">20221007</marc:subfield>
    </marc:datafield>
    <marc:datafield tag="810" ind1=" " ind2=" ">
      <marc:subfield code="a">Dracula, l'homme de la nuit : roman traduit par Ève et Lucie Paul-Margueritte et illustré de nombreuses photographies du film "Dracula" / Brahm Stoker. – Paris : Éditions J. Tallandier, 1932. – [Texte noté. Image fixe : sans médiation]:</marc:subfield>
    </marc:datafield>
    <marc:datafield tag="810" ind1=" " ind2=" ">
      <marc:subfield code="a">Le visage vert : littérature fantastique : http://www.levisagevert.com/bibliographie-auteurs/auteurs-s/auteurs-s/s0007.html (2022-10-07)</marc:subfield>
      <marc:subfield code="b">Information sur la version</marc:subfield>
    </marc:datafield>
  </marc:record>