
  <marc:record>
    <marc:leader>01231cx  a2200241   4500</marc:leader>
    <marc:controlfield tag="001">UMLRM0076</marc:controlfield>
    <marc:controlfield tag="005">20221030######.D</marc:controlfield>
    <marc:datafield tag="100" ind1=" " ind2=" ">
      <marc:subfield code="a">20220905afrey50      ba0</marc:subfield>
    </marc:datafield>
    <marc:datafield tag="101" ind1="1" ind2=" ">
      <marc:subfield code="a">fre</marc:subfield>
      <marc:subfield code="c">eng</marc:subfield>
    </marc:datafield>
    <marc:datafield tag="102" ind1=" " ind2=" ">
      <marc:subfield code="a">FR</marc:subfield>
    </marc:datafield>
    <marc:datafield tag="104" ind1=" " ind2=" ">
      <marc:subfield code="a">d1992     </marc:subfield>
    </marc:datafield>
    <marc:datafield tag="105" ind1=" " ind2=" ">
      <marc:subfield code="a">ba</marc:subfield>
    </marc:datafield>
    <marc:datafield tag="145" ind1=" " ind2=" ">
      <marc:subfield code="a">i</marc:subfield>
      <marc:subfield code="b">axxe  </marc:subfield>
    </marc:datafield>
    <marc:datafield tag="152" ind1=" " ind2=" ">
      <marc:subfield code="a">RDA-FR</marc:subfield>
    </marc:datafield>
    <marc:datafield tag="154" ind1=" " ind2=" ">
      <marc:subfield code="a">xb</marc:subfield>
    </marc:datafield>
    <marc:datafield tag="242" ind1=" " ind2="1">
      <marc:subfield code="3">UMLRM0075</marc:subfield>
      <marc:subfield code="7">ba0yba0y</marc:subfield>
      <marc:subfield code="8">freeng</marc:subfield>
      <marc:subfield code="a">Stoker, Bram (1847-1912)</marc:subfield>
      <marc:subfield code="t">Dracula’s guest</marc:subfield>
      <marc:subfield code="m">Français</marc:subfield>
      <marc:subfield code="w">Finné</marc:subfield>
      <marc:subfield code="n">Texte noté</marc:subfield>
    </marc:datafield>
    <marc:datafield tag="442" ind1=" " ind2="1">
      <marc:subfield code="7">ba0yba0y</marc:subfield>
      <marc:subfield code="8">frefre</marc:subfield>
      <marc:subfield code="a">Stoker, Bram (1847-1912)</marc:subfield>
      <marc:subfield code="t">L’invité de Dracula</marc:subfield>
      <marc:subfield code="m">Français</marc:subfield>
      <marc:subfield code="w">Finné</marc:subfield>
      <marc:subfield code="n">Texte noté</marc:subfield>
    </marc:datafield>
    <marc:datafield tag="502" ind1=" " ind2="1">
      <marc:subfield code="3">FRBNF11902797</marc:subfield>
      <marc:subfield code="7">ba0yba0y</marc:subfield>
      <marc:subfield code="8">frefre</marc:subfield>
      <marc:subfield code="o">ISNI 0000 0001 2023 6609</marc:subfield>
      <marc:subfield code="a">Finné</marc:subfield>
      <marc:subfield code="b"> Jacques</marc:subfield>
      <marc:subfield code="4">730</marc:subfield>
    </marc:datafield>
    <marc:datafield tag="542" ind1=" " ind2="1">
      <marc:subfield code="5">xxo</marc:subfield>
      <marc:subfield code="p">Est une traduction de</marc:subfield>
      <marc:subfield code="7">ba0yba0y</marc:subfield>
      <marc:subfield code="8">freeng</marc:subfield>
      <marc:subfield code="a">Stoker, Bram (1847-1912)</marc:subfield>
      <marc:subfield code="t">Dracula’s guest</marc:subfield>
      <marc:subfield code="m">Anglais</marc:subfield>
      <marc:subfield code="n">Texte noté</marc:subfield>
    </marc:datafield>
    <marc:datafield tag="640" ind1="6" ind2=" ">
      <marc:subfield code="0">Date de première publication</marc:subfield>
      <marc:subfield code="f">#1992#####</marc:subfield>
    </marc:datafield>
    <marc:datafield tag="801" ind1=" " ind2="0">
      <marc:subfield code="a">FR</marc:subfield>
      <marc:subfield code="b">FR-751052119</marc:subfield>
      <marc:subfield code="c">20221030</marc:subfield>
    </marc:datafield>
    <marc:datafield tag="810" ind1=" " ind2=" ">
      <marc:subfield code="a">BnF, catalogue général : http://ark.bnf.fr/ark:/12148/cb35544517t (2022-10-30)</marc:subfield>
      <marc:subfield code="b">Date de première publication</marc:subfield>
    </marc:datafield>
    <marc:datafield tag="810" ind1=" " ind2=" ">
      <marc:subfield code="a">Dracula [Texte imprimé] ; suivi de L'invité de Dracula / Bram Stoker ; traduction de Jacques Finné ; présentation et commentaires de Claude Aziza. – Paris : Pocket, impr. 2011. – [Texte noté : sans médiation] . – ISBN 978-2-266-21954-9</marc:subfield>
    </marc:datafield>
  </marc:record>