
  <marc:record>
    <marc:leader>04652cx  a2200541   4500</marc:leader>
    <marc:controlfield tag="001">UMLRM0078</marc:controlfield>
    <marc:controlfield tag="005">20220705######.D</marc:controlfield>
    <marc:datafield tag="052" ind1=" " ind2=" ">
      <marc:subfield code="a">0000-0000-75FE-0000-H-0000-0000-N</marc:subfield>
    </marc:datafield>
    <marc:datafield tag="100" ind1=" " ind2=" ">
      <marc:subfield code="a">20220705afrey50      ba0</marc:subfield>
    </marc:datafield>
    <marc:datafield tag="101" ind1="0" ind2=" ">
      <marc:subfield code="a">eng</marc:subfield>
    </marc:datafield>
    <marc:datafield tag="102" ind1=" " ind2=" ">
      <marc:subfield code="a">US</marc:subfield>
    </marc:datafield>
    <marc:datafield tag="104" ind1=" " ind2=" ">
      <marc:subfield code="a">d1992     </marc:subfield>
    </marc:datafield>
    <marc:datafield tag="125" ind1="0" ind2="0">
      <marc:subfield code="a">m</marc:subfield>
    </marc:datafield>
    <marc:datafield tag="127" ind1="0" ind2=" ">
      <marc:subfield code="a">023500</marc:subfield>
    </marc:datafield>
    <marc:datafield tag="140" ind1=" " ind2=" ">
      <marc:subfield code="a">ic</marc:subfield>
      <marc:subfield code="b">fffa</marc:subfield>
      <marc:subfield code="2">BnF-GenreFilm</marc:subfield>
    </marc:datafield>
    <marc:datafield tag="145" ind1="0" ind2=" ">
      <marc:subfield code="a">b</marc:subfield>
      <marc:subfield code="b">xa2ae </marc:subfield>
    </marc:datafield>
    <marc:datafield tag="147" ind1="0" ind2=" ">
      <marc:subfield code="a">g</marc:subfield>
      <marc:subfield code="e">c</marc:subfield>
    </marc:datafield>
    <marc:datafield tag="152" ind1=" " ind2=" ">
      <marc:subfield code="a">RDA-FR</marc:subfield>
    </marc:datafield>
    <marc:datafield tag="154" ind1=" " ind2=" ">
      <marc:subfield code="a">xa</marc:subfield>
    </marc:datafield>
    <marc:datafield tag="231" ind1=" " ind2=" ">
      <marc:subfield code="a">Bram Stoker's Dracula</marc:subfield>
      <marc:subfield code="c">film</marc:subfield>
      <marc:subfield code="7">ba0yba0y</marc:subfield>
      <marc:subfield code="8">freeng</marc:subfield>
    </marc:datafield>
    <marc:datafield tag="334" ind1=" " ind2=" ">
      <marc:subfield code="a">Plusieurs récompenses dont 3 Oscars du cinéma (meilleurs costumes, meilleurs maquillages, meilleur montage d’effets sonores) en 1993</marc:subfield>
    </marc:datafield>
    <marc:datafield tag="334" ind1=" " ind2="1">
      <marc:subfield code="b">Prix Saturn du meilleur film d'horreur</marc:subfield>
      <marc:subfield code="c">1992</marc:subfield>
      <marc:subfield code="d">US</marc:subfield>
      <marc:subfield code="u">http://www.saturnawards.org</marc:subfield>
    </marc:datafield>
    <marc:datafield tag="370" ind1=" " ind2=" ">
      <marc:subfield code="c">Adapté du roman de Bram Stoker "Dracula"</marc:subfield>
      <marc:subfield code="c">Durée du montage original (final cut) : 155 mn. Durée pour l’exploitation en salle : 128 mn</marc:subfield>
    </marc:datafield>
    <marc:datafield tag="378" ind1=" " ind2=" ">
      <marc:subfield code="a">Transylvanie, 1462. Brisé après le suicide de sa femme qui l'a cru mort au combat, Vlad l'Empaleur repousse l'Eglise et devient le comte Dracula, un vampire assoiffé de sang et asservi aux forces du mal. Quatre siècles plus tard, il reçoit la visite du jeune clerc Jonathan Harker dans son château isolé. Dracula est immédiatement fasciné par la photographie de Mina, la fiancée de celui-ci, dans laquelle il croit reconnaître son amour perdu. Après avoir livré Jonathan à ses femmes-vampires, le comte se rend à Londres. Là, il séduit Lucy, la meilleure amie de Mina qui cède à ses avances. Les soupirants de la jeune femme, Lord Arthur Holmwood, le Dr Seward et l'Américain Quincey Morris, font appel au professeur Van Helsing pour s'occuper de Lucy mais elle succombe bientôt sous les crocs de Dracula. Ayant découvert qu'elle était devenue une vampire, Van Helsing est obligé de l'achever. Pendant ce temps, Jonathan est parvenu à s'échapper. Il épouse Mina pour la soustraire à Dracula mais la jeune femme finit par céder au comte. Jonathan et ses amis partent avec elle pour la Transylvanie afin de traquer le vampire dans son antre. C'est Mina elle-même qui tuera Dracula qu'elle a véritablement aimé et qui sauvera ainsi son âme.</marc:subfield>
      <marc:subfield code="b">Les fiches du cinéma</marc:subfield>
      <marc:subfield code="z">fre</marc:subfield>
    </marc:datafield>
    <marc:datafield tag="431" ind1=" " ind2=" ">
      <marc:subfield code="a">Dracula</marc:subfield>
      <marc:subfield code="c">film</marc:subfield>
      <marc:subfield code="d">1992</marc:subfield>
      <marc:subfield code="7">ba0yba0y</marc:subfield>
      <marc:subfield code="8">freeng</marc:subfield>
    </marc:datafield>
    <marc:datafield tag="441" ind1=" " ind2="1">
      <marc:subfield code="3">FRBNF12373335</marc:subfield>
      <marc:subfield code="o">ISNI 0000 0001 1480 194X</marc:subfield>
      <marc:subfield code="a">Coppola, Francis Ford (1939-....)</marc:subfield>
      <marc:subfield code="t">Bram Stoker's Dracula</marc:subfield>
      <marc:subfield code="c">film</marc:subfield>
      <marc:subfield code="7">ba0yba0y</marc:subfield>
      <marc:subfield code="8">freeng</marc:subfield>
    </marc:datafield>
    <marc:datafield tag="441" ind1=" " ind2="1">
      <marc:subfield code="3">FRBNF12373335</marc:subfield>
      <marc:subfield code="o">ISNI 0000 0001 1480 194X</marc:subfield>
      <marc:subfield code="a">Coppola, Francis Ford (1939-....)</marc:subfield>
      <marc:subfield code="t">Dracula</marc:subfield>
      <marc:subfield code="c">film</marc:subfield>
      <marc:subfield code="7">ba0yba0y</marc:subfield>
      <marc:subfield code="8">freeng</marc:subfield>
    </marc:datafield>
    <marc:datafield tag="501" ind1=" " ind2="1">
      <marc:subfield code="3">FRBNF12373335</marc:subfield>
      <marc:subfield code="7">ba0yba0y</marc:subfield>
      <marc:subfield code="8">freeng</marc:subfield>
      <marc:subfield code="o">ISNI 0000 0001 1480 194X</marc:subfield>
      <marc:subfield code="a">Coppola</marc:subfield>
      <marc:subfield code="b">Francis Ford</marc:subfield>
      <marc:subfield code="f">1939-....</marc:subfield>
      <marc:subfield code="4">300</marc:subfield>
    </marc:datafield>
    <marc:datafield tag="501" ind1=" " ind2="1">
      <marc:subfield code="3">FRBNF12261336</marc:subfield>
      <marc:subfield code="7">ba0yba0y</marc:subfield>
      <marc:subfield code="8">freeng</marc:subfield>
      <marc:subfield code="o">ISNI 0000 0000 8170 961X</marc:subfield>
      <marc:subfield code="a">Hart</marc:subfield>
      <marc:subfield code="b"> James V.</marc:subfield>
      <marc:subfield code="f">1960-....</marc:subfield>
      <marc:subfield code="4">690</marc:subfield>
    </marc:datafield>
    <marc:datafield tag="501" ind1=" " ind2="1">
      <marc:subfield code="3">FRBNF13938779</marc:subfield>
      <marc:subfield code="7">ba0yba0y</marc:subfield>
      <marc:subfield code="8">frepol</marc:subfield>
      <marc:subfield code="o">ISNI 0000 0001 1821 4320</marc:subfield>
      <marc:subfield code="a">Kilar</marc:subfield>
      <marc:subfield code="b">Wojciech</marc:subfield>
      <marc:subfield code="f">1932-2013</marc:subfield>
      <marc:subfield code="4">230</marc:subfield>
    </marc:datafield>
    <marc:datafield tag="501" ind1=" " ind2="1">
      <marc:subfield code="3">FRBNF13954489</marc:subfield>
      <marc:subfield code="7">ba0yba0y</marc:subfield>
      <marc:subfield code="8">freeng</marc:subfield>
      <marc:subfield code="o">ISNI 0000 0001 2096 9036</marc:subfield>
      <marc:subfield code="a"> Oldman</marc:subfield>
      <marc:subfield code="m"> Gary</marc:subfield>
      <marc:subfield code="d">1958-....</marc:subfield>
      <marc:subfield code="4">005</marc:subfield>
    </marc:datafield>
    <marc:datafield tag="501" ind1=" " ind2="1">
      <marc:subfield code="3">FRBNF13999325</marc:subfield>
      <marc:subfield code="7">ba0yba0y</marc:subfield>
      <marc:subfield code="8">freeng</marc:subfield>
      <marc:subfield code="o">ISNI 0000 0001 1450 5139</marc:subfield>
      <marc:subfield code="a">Ryder</marc:subfield>
      <marc:subfield code="m">Winona</marc:subfield>
      <marc:subfield code="d">1971-....</marc:subfield>
      <marc:subfield code="4">005</marc:subfield>
    </marc:datafield>
    <marc:datafield tag="501" ind1=" " ind2="1">
      <marc:subfield code="3">FRBNF13954483</marc:subfield>
      <marc:subfield code="7">ba0yba0y</marc:subfield>
      <marc:subfield code="8">freeng</marc:subfield>
      <marc:subfield code="o">ISNI 0000 0001 2118 1187</marc:subfield>
      <marc:subfield code="a">Hopkins</marc:subfield>
      <marc:subfield code="m">Anthony</marc:subfield>
      <marc:subfield code="d">1937-....]</marc:subfield>
      <marc:subfield code="4">005</marc:subfield>
    </marc:datafield>
    <marc:datafield tag="511" ind1="0" ind2="2">
      <marc:subfield code="7">ba0yba0y</marc:subfield>
      <marc:subfield code="8">freeng</marc:subfield>
      <marc:subfield code="o">ISNI 0000 0001 2310 6586</marc:subfield>
      <marc:subfield code="a">American Zoetrope</marc:subfield>
      <marc:subfield code="c">Firme</marc:subfield>
      <marc:subfield code="4">630</marc:subfield>
    </marc:datafield>
    <marc:datafield tag="511" ind1="0" ind2="2">
      <marc:subfield code="7">ba0yba0y</marc:subfield>
      <marc:subfield code="8">freeng</marc:subfield>
      <marc:subfield code="a">Osiris Films</marc:subfield>
      <marc:subfield code="c">Firme</marc:subfield>
      <marc:subfield code="4">630</marc:subfield>
    </marc:datafield>
    <marc:datafield tag="511" ind1="0" ind2="2">
      <marc:subfield code="3">FRBNF13879718</marc:subfield>
      <marc:subfield code="7">ba0yba0y</marc:subfield>
      <marc:subfield code="8">freeng</marc:subfield>
      <marc:subfield code="o">ISNI 0000 0001 0659 910</marc:subfield>
      <marc:subfield code="a">Columbia pictures</marc:subfield>
      <marc:subfield code="4">630</marc:subfield>
    </marc:datafield>
    <marc:datafield tag="531" ind1=" " ind2=" ">
      <marc:subfield code="5">xxr</marc:subfield>
      <marc:subfield code="p">Oeuvre étudiée dans</marc:subfield>
      <marc:subfield code="3">UMLRM0081</marc:subfield>
      <marc:subfield code="7">ba0yba0y</marc:subfield>
      <marc:subfield code="8">freeng</marc:subfield>
      <marc:subfield code="a">"Dracula" : l'oeuvre de Bram Stoker et le film de Francis F. Coppola</marc:subfield>
    </marc:datafield>
    <marc:datafield tag="541" ind1=" " ind2="1">
      <marc:subfield code="5">xxa</marc:subfield>
      <marc:subfield code="p">Est une adaptation dans un autre mode de création de [œuvre]</marc:subfield>
      <marc:subfield code="3">UMLRM0004</marc:subfield>
      <marc:subfield code="7">ba0yba0y</marc:subfield>
      <marc:subfield code="8">freeng</marc:subfield>
      <marc:subfield code="a">Stoker, Bram (1847-1912)</marc:subfield>
      <marc:subfield code="t">Dracula</marc:subfield>
    </marc:datafield>
    <marc:datafield tag="608" ind1=" " ind2=" ">
      <marc:subfield code="3">FRBNF11980577</marc:subfield>
      <marc:subfield code="a">Films d'horreur</marc:subfield>
      <marc:subfield code="2">rameau-Genre</marc:subfield>
    </marc:datafield>
    <marc:datafield tag="640" ind1="5" ind2=" ">
      <marc:subfield code="0">Dates de tournage</marc:subfield>
      <marc:subfield code="f">#19911014#</marc:subfield>
      <marc:subfield code="i">#19920131#</marc:subfield>
    </marc:datafield>
    <marc:datafield tag="640" ind1="0" ind2=" ">
      <marc:subfield code="0">Date de copyright</marc:subfield>
      <marc:subfield code="f">#1992#####</marc:subfield>
    </marc:datafield>
    <marc:datafield tag="640" ind1="6" ind2=" ">
      <marc:subfield code="a">US</marc:subfield>
      <marc:subfield code="b">Californie</marc:subfield>
      <marc:subfield code="d">Hollywood</marc:subfield>
      <marc:subfield code="f">#19921110#</marc:subfield>
    </marc:datafield>
    <marc:datafield tag="640" ind1="6" ind2=" ">
      <marc:subfield code="a">FR</marc:subfield>
      <marc:subfield code="f">#19930113#</marc:subfield>
    </marc:datafield>
    <marc:datafield tag="801" ind1=" " ind2=" ">
      <marc:subfield code="a">FR</marc:subfield>
      <marc:subfield code="b">FR-751131015</marc:subfield>
      <marc:subfield code="c">20220705</marc:subfield>
    </marc:datafield>
    <marc:datafield tag="810" ind1=" " ind2=" ">
      <marc:subfield code="a"> Dictionnaire du cinéma / sous la direction de Jean-Loup Passek. – Paris : Larousse, 1995. – [Texte noté. Image fixe : sans médiation]. – ISBN 2-03-750003-3</marc:subfield>
    </marc:datafield>
    <marc:datafield tag="810" ind1=" " ind2=" ">
      <marc:subfield code="a"> Ciné-ressources : catalogue collectif des bibliothèques et archives de cinéma - http://www.cineressources.net (2014-10-15)</marc:subfield>
    </marc:datafield>
    <marc:datafield tag="810" ind1=" " ind2=" ">
      <marc:subfield code="a">IMDB (Internet movie database) : https://www.imdb.com/title/tt0103874/ (2022-11-03)</marc:subfield>
      <marc:subfield code="b">Dates et durée</marc:subfield>
    </marc:datafield>
    <marc:datafield tag="810" ind1=" " ind2=" ">
      <marc:subfield code="a">Bram Stoker's Dracula : a Francis Ford Coppola film / Gary Oldman, Winona Ryder, Anthony Hopkins... [et autres], [acteurs]. – Tokyo : Sony pictures entertainment [éditeur]</marc:subfield>
      <marc:subfield code="d"> 1993]. – [Image animée : vidéo].</marc:subfield>
    </marc:datafield>
  </marc:record>