
  <marc:record>
    <marc:leader>01635cx  a2200289   4500</marc:leader>
    <marc:controlfield tag="001">UMLRM0081</marc:controlfield>
    <marc:controlfield tag="005">20220926</marc:controlfield>
    <marc:datafield tag="100" ind1=" " ind2=" ">
      <marc:subfield code="a">20220926afrey50      ba0 </marc:subfield>
    </marc:datafield>
    <marc:datafield tag="101" ind1="0" ind2=" ">
      <marc:subfield code="a">fre</marc:subfield>
      <marc:subfield code="a">eng</marc:subfield>
    </marc:datafield>
    <marc:datafield tag="102" ind1=" " ind2=" ">
      <marc:subfield code="a">FR</marc:subfield>
    </marc:datafield>
    <marc:datafield tag="104" ind1=" " ind2=" ">
      <marc:subfield code="a">d2005     </marc:subfield>
    </marc:datafield>
    <marc:datafield tag="125" ind1="0" ind2="0">
      <marc:subfield code="a">m </marc:subfield>
    </marc:datafield>
    <marc:datafield tag="140" ind1=" " ind2=" ">
      <marc:subfield code="a">te</marc:subfield>
      <marc:subfield code="b">etdoc</marc:subfield>
      <marc:subfield code="2">BnF-FonctTexMix</marc:subfield>
    </marc:datafield>
    <marc:datafield tag="145" ind1="0" ind2=" ">
      <marc:subfield code="a">i </marc:subfield>
    </marc:datafield>
    <marc:datafield tag="152" ind1=" " ind2=" ">
      <marc:subfield code="a">RDA-FR </marc:subfield>
    </marc:datafield>
    <marc:datafield tag="154" ind1=" " ind2=" ">
      <marc:subfield code="a">xa </marc:subfield>
    </marc:datafield>
    <marc:datafield tag="231" ind1=" " ind2=" ">
      <marc:subfield code="a">"Dracula" : l'oeuvre de Bram Stoker et le film de Francis F. Coppola</marc:subfield>
      <marc:subfield code="7">ba0yba0y</marc:subfield>
      <marc:subfield code="8">frefre</marc:subfield>
    </marc:datafield>
    <marc:datafield tag="370" ind1=" " ind2=" ">
      <marc:subfield code="a">Textes en français et en anglais</marc:subfield>
      <marc:subfield code="a">Bibliographie (7 pages) et en notes</marc:subfield>
    </marc:datafield>
    <marc:datafield tag="378" ind1=" " ind2=" ">
      <marc:subfield code="a">Présente des contributions proposant des éclairages divers sur ces deux œuvres étudiées de manière autonome ou en regard l'une de l'autre, ainsi que des approches critiques différenciées et complémentaires entre les deux auteurs, les deux œuvres et les deux époques, celles de la fin des XIXe et XXe siècles</marc:subfield>
      <marc:subfield code="b">Electre</marc:subfield>
      <marc:subfield code="z">fre</marc:subfield>
    </marc:datafield>
    <marc:datafield tag="501" ind1=" " ind2="1">
      <marc:subfield code="3">FRBNF123453434</marc:subfield>
      <marc:subfield code="o">ISNI 0000 0001 2281 8514</marc:subfield>
      <marc:subfield code="a">Ménégaldo</marc:subfield>
      <marc:subfield code="b">Gilles</marc:subfield>
      <marc:subfield code="f">1947-....</marc:subfield>
      <marc:subfield code="4">651</marc:subfield>
    </marc:datafield>
    <marc:datafield tag="501" ind1=" " ind2="1">
      <marc:subfield code="3">FRBNF121791444</marc:subfield>
      <marc:subfield code="o">ISNI 0000 0000 3932 4716</marc:subfield>
      <marc:subfield code="a">Sipière</marc:subfield>
      <marc:subfield code="b">Dominique</marc:subfield>
      <marc:subfield code="4">651</marc:subfield>
    </marc:datafield>
    <marc:datafield tag="531" ind1=" " ind2=" ">
      <marc:subfield code="5">xxr</marc:subfield>
      <marc:subfield code="p">Est une étude de [œuvre]</marc:subfield>
      <marc:subfield code="3">UMLRM0078</marc:subfield>
      <marc:subfield code="7">ba0yba0y</marc:subfield>
      <marc:subfield code="8">freeng</marc:subfield>
      <marc:subfield code="a">Bram Stoker's Dracula</marc:subfield>
      <marc:subfield code="c">film</marc:subfield>
    </marc:datafield>
    <marc:datafield tag="541" ind1=" " ind2="1">
      <marc:subfield code="5">xxr</marc:subfield>
      <marc:subfield code="p">Est une étude de [œuvre]</marc:subfield>
      <marc:subfield code="3">UMLRM0004</marc:subfield>
      <marc:subfield code="7">ba0yba0y</marc:subfield>
      <marc:subfield code="8">freeng</marc:subfield>
      <marc:subfield code="a">Stoker, Bram (1847-1912)</marc:subfield>
      <marc:subfield code="t">Dracula</marc:subfield>
    </marc:datafield>
    <marc:datafield tag="640" ind1="6" ind2=" ">
      <marc:subfield code="0">Date de première publication</marc:subfield>
      <marc:subfield code="f">#2005#####</marc:subfield>
    </marc:datafield>
    <marc:datafield tag="676" ind1=" " ind2=" ">
      <marc:subfield code="a">823.8 (critique)</marc:subfield>
      <marc:subfield code="v"> 23</marc:subfield>
    </marc:datafield>
    <marc:datafield tag="801" ind1=" " ind2="0">
      <marc:subfield code="a">FR</marc:subfield>
      <marc:subfield code="b"> FR-751045101</marc:subfield>
      <marc:subfield code="c">20220926</marc:subfield>
    </marc:datafield>
    <marc:datafield tag="810" ind1=" " ind2=" ">
      <marc:subfield code="a"> "Dracula" [Texte imprimé] : l'oeuvre de Bram Stoker et le film de Francis F. Coppola / ouvrage dirigé par Gilles Menegaldo et Dominique Sipière. - Paris : Ellipses, impr. 2005. [Texte noté : sans médiation]- ISBN 2-7298-2533-9</marc:subfield>
    </marc:datafield>
  </marc:record>