
  <marc:record>
    <marc:leader>00759cx  a2200193   4500</marc:leader>
    <marc:controlfield tag="001">UMLRM0082</marc:controlfield>
    <marc:controlfield tag="005">20220926</marc:controlfield>
    <marc:datafield tag="100" ind1=" " ind2=" ">
      <marc:subfield code="a">20220926afrey50      ba0</marc:subfield>
    </marc:datafield>
    <marc:datafield tag="101" ind1="0" ind2=" ">
      <marc:subfield code="a">fre</marc:subfield>
      <marc:subfield code="a">eng </marc:subfield>
    </marc:datafield>
    <marc:datafield tag="102" ind1=" " ind2=" ">
      <marc:subfield code="a">FR </marc:subfield>
    </marc:datafield>
    <marc:datafield tag="104" ind1=" " ind2=" ">
      <marc:subfield code="a">d2005     </marc:subfield>
    </marc:datafield>
    <marc:datafield tag="105" ind1=" " ind2=" ">
      <marc:subfield code="a">ba </marc:subfield>
    </marc:datafield>
    <marc:datafield tag="145" ind1="0" ind2=" ">
      <marc:subfield code="a">i</marc:subfield>
      <marc:subfield code="b">axxe   </marc:subfield>
    </marc:datafield>
    <marc:datafield tag="152" ind1=" " ind2=" ">
      <marc:subfield code="a">RDA-FR </marc:subfield>
    </marc:datafield>
    <marc:datafield tag="154" ind1=" " ind2=" ">
      <marc:subfield code="a">xb </marc:subfield>
    </marc:datafield>
    <marc:datafield tag="232" ind1=" " ind2=" ">
      <marc:subfield code="3">UMLRM0081</marc:subfield>
      <marc:subfield code="a">"Dracula" : l'oeuvre de Bram Stoker et le film de Francis F. Coppola</marc:subfield>
      <marc:subfield code="m">Français-Anglais</marc:subfield>
      <marc:subfield code="n">Texte noté</marc:subfield>
    </marc:datafield>
    <marc:datafield tag="640" ind1="6" ind2=" ">
      <marc:subfield code="0">Date de première publication</marc:subfield>
      <marc:subfield code="f">#2005#####</marc:subfield>
    </marc:datafield>
    <marc:datafield tag="801" ind1=" " ind2="0">
      <marc:subfield code="a">FR</marc:subfield>
      <marc:subfield code="b">FR-751045101</marc:subfield>
      <marc:subfield code="c">20220926</marc:subfield>
    </marc:datafield>
    <marc:datafield tag="810" ind1=" " ind2=" ">
      <marc:subfield code="a">. "Dracula" [Texte imprimé] : l'oeuvre de Bram Stoker et le film de Francis F. Coppola / ouvrage dirigé par Gilles Menegaldo et Dominique Sipière. – Paris : Ellipses, 2005.– [Texte noté : sans médiation]. – ISBN 2-7298-2533-9</marc:subfield>
    </marc:datafield>
  </marc:record>