
  <marc:record>
    <marc:leader>01200cx  a2200301   4500</marc:leader>
    <marc:controlfield tag="001">UMLRM0084</marc:controlfield>
    <marc:controlfield tag="005">20220908</marc:controlfield>
    <marc:datafield tag="100" ind1=" " ind2=" ">
      <marc:subfield code="a">20220908afrey50      ba0 </marc:subfield>
    </marc:datafield>
    <marc:datafield tag="101" ind1="0" ind2=" ">
      <marc:subfield code="a">fre</marc:subfield>
    </marc:datafield>
    <marc:datafield tag="102" ind1=" " ind2=" ">
      <marc:subfield code="a">FR</marc:subfield>
    </marc:datafield>
    <marc:datafield tag="104" ind1=" " ind2=" ">
      <marc:subfield code="a">d2011     </marc:subfield>
    </marc:datafield>
    <marc:datafield tag="125" ind1="0" ind2="0">
      <marc:subfield code="a">m </marc:subfield>
    </marc:datafield>
    <marc:datafield tag="140" ind1=" " ind2=" ">
      <marc:subfield code="a">te</marc:subfield>
      <marc:subfield code="b">biogr</marc:subfield>
      <marc:subfield code="2">BnF-FonctTexMix</marc:subfield>
    </marc:datafield>
    <marc:datafield tag="140" ind1=" " ind2=" ">
      <marc:subfield code="a">te</marc:subfield>
      <marc:subfield code="b">b</marc:subfield>
      <marc:subfield code="2">UM/B105pos12</marc:subfield>
    </marc:datafield>
    <marc:datafield tag="145" ind1="0" ind2=" ">
      <marc:subfield code="a">i</marc:subfield>
    </marc:datafield>
    <marc:datafield tag="152" ind1=" " ind2=" ">
      <marc:subfield code="a">RDA-FR</marc:subfield>
    </marc:datafield>
    <marc:datafield tag="154" ind1=" " ind2=" ">
      <marc:subfield code="a">xa</marc:subfield>
    </marc:datafield>
    <marc:datafield tag="241" ind1=" " ind2="1">
      <marc:subfield code="3">FRBNF120861936</marc:subfield>
      <marc:subfield code="o">ISNI 0000 0001 0883 2117</marc:subfield>
      <marc:subfield code="a">Cazacu, Matei (1946-....)</marc:subfield>
      <marc:subfield code="t">Dracula</marc:subfield>
      <marc:subfield code="7">ba0yba0y</marc:subfield>
      <marc:subfield code="8">frefre</marc:subfield>
    </marc:datafield>
    <marc:datafield tag="370" ind1=" " ind2=" ">
      <marc:subfield code="a">Carte</marc:subfield>
      <marc:subfield code="a">Bibliographie (4 pages)</marc:subfield>
      <marc:subfield code="a">Index</marc:subfield>
    </marc:datafield>
    <marc:datafield tag="501" ind1=" " ind2="1">
      <marc:subfield code="3">FRBNF120861936</marc:subfield>
      <marc:subfield code="7">ba0yba0y</marc:subfield>
      <marc:subfield code="8">fre###</marc:subfield>
      <marc:subfield code="o">ISNI 0000 0001 08832 117</marc:subfield>
      <marc:subfield code="a">Cazacu</marc:subfield>
      <marc:subfield code="b">Matei</marc:subfield>
      <marc:subfield code="f">1946-….</marc:subfield>
      <marc:subfield code="4">070</marc:subfield>
    </marc:datafield>
    <marc:datafield tag="600" ind1=" " ind2="0">
      <marc:subfield code="3">FRBNF11948734</marc:subfield>
      <marc:subfield code="7">ba0yba0y</marc:subfield>
      <marc:subfield code="8">fre###</marc:subfield>
      <marc:subfield code="a">Vlad</marc:subfield>
      <marc:subfield code="d">III</marc:subfield>
      <marc:subfield code="f">1430?-1476?</marc:subfield>
      <marc:subfield code="c">prince de Valachie</marc:subfield>
    </marc:datafield>
    <marc:datafield tag="606" ind1=" " ind2="0">
      <marc:subfield code="3">FRBNF11962841</marc:subfield>
      <marc:subfield code="7">ba0yba0y</marc:subfield>
      <marc:subfield code="8">fre###</marc:subfield>
      <marc:subfield code="a">Dracula</marc:subfield>
      <marc:subfield code="c">personnage fictif</marc:subfield>
    </marc:datafield>
    <marc:datafield tag="607" ind1=" " ind2=" ">
      <marc:subfield code="3">FRBNF11949103</marc:subfield>
      <marc:subfield code="7">ba0yba0y</marc:subfield>
      <marc:subfield code="8">frefre</marc:subfield>
      <marc:subfield code="a">Valachie (Roumanie)</marc:subfield>
      <marc:subfield code="3">FRBNF11976234</marc:subfield>
      <marc:subfield code="z">15e siècle</marc:subfield>
      <marc:subfield code="2">rameau</marc:subfield>
    </marc:datafield>
    <marc:datafield tag="608" ind1=" " ind2=" ">
      <marc:subfield code="3">FRBNF11935764</marc:subfield>
      <marc:subfield code="a">Biographie</marc:subfield>
      <marc:subfield code="2">rameau-Genre</marc:subfield>
    </marc:datafield>
    <marc:datafield tag="640" ind1="6" ind2=" ">
      <marc:subfield code="0">Date de première publication</marc:subfield>
      <marc:subfield code="f">#2011#####</marc:subfield>
    </marc:datafield>
    <marc:datafield tag="676" ind1=" " ind2=" ">
      <marc:subfield code="a">949.801 4092</marc:subfield>
      <marc:subfield code="v">23</marc:subfield>
    </marc:datafield>
    <marc:datafield tag="801" ind1=" " ind2="0">
      <marc:subfield code="a">FR</marc:subfield>
      <marc:subfield code="b"> FR-751045101</marc:subfield>
      <marc:subfield code="c">20220908</marc:subfield>
    </marc:datafield>
    <marc:datafield tag="810" ind1=" " ind2=" ">
      <marc:subfield code="a">Dracula  / Matei Cazacu. – Paris : Tallandier, 2011. – [Texte noté : sans médiation]. – ISBN 978-2-84734-801-9</marc:subfield>
    </marc:datafield>
  </marc:record>