
  <marc:record>
    <marc:leader>01710cx  a2200337   4500</marc:leader>
    <marc:controlfield tag="001">UMLRM0087</marc:controlfield>
    <marc:controlfield tag="005">20220809</marc:controlfield>
    <marc:datafield tag="100" ind1=" " ind2=" ">
      <marc:subfield code="a">20220809afrey50      ba0</marc:subfield>
    </marc:datafield>
    <marc:datafield tag="101" ind1="0" ind2=" ">
      <marc:subfield code="a">fre</marc:subfield>
    </marc:datafield>
    <marc:datafield tag="102" ind1=" " ind2=" ">
      <marc:subfield code="a">FR</marc:subfield>
    </marc:datafield>
    <marc:datafield tag="104" ind1=" " ind2=" ">
      <marc:subfield code="a">d2005     </marc:subfield>
    </marc:datafield>
    <marc:datafield tag="125" ind1="0" ind2="2">
      <marc:subfield code="a">m </marc:subfield>
    </marc:datafield>
    <marc:datafield tag="140" ind1=" " ind2=" ">
      <marc:subfield code="a">te</marc:subfield>
      <marc:subfield code="b">etdoc</marc:subfield>
      <marc:subfield code="2">BnF-FonctTexMix</marc:subfield>
    </marc:datafield>
    <marc:datafield tag="140" ind1=" " ind2=" ">
      <marc:subfield code="a">te</marc:subfield>
      <marc:subfield code="b">v</marc:subfield>
      <marc:subfield code="2">UM/B105pos4</marc:subfield>
    </marc:datafield>
    <marc:datafield tag="145" ind1="0" ind2=" ">
      <marc:subfield code="a">i</marc:subfield>
    </marc:datafield>
    <marc:datafield tag="145" ind1="0" ind2=" ">
      <marc:subfield code="a">b1</marc:subfield>
      <marc:subfield code="b">xb2e  </marc:subfield>
    </marc:datafield>
    <marc:datafield tag="147" ind1="0" ind2=" ">
      <marc:subfield code="a">h</marc:subfield>
    </marc:datafield>
    <marc:datafield tag="152" ind1=" " ind2=" ">
      <marc:subfield code="a">RDA-FR</marc:subfield>
    </marc:datafield>
    <marc:datafield tag="154" ind1=" " ind2=" ">
      <marc:subfield code="a">xa</marc:subfield>
    </marc:datafield>
    <marc:datafield tag="241" ind1=" " ind2="1">
      <marc:subfield code="3">FRBNF13577629</marc:subfield>
      <marc:subfield code="o">ISNI 0000 0001 2119 5730</marc:subfield>
      <marc:subfield code="a">Valls de Gomis, Estelle (1973-...)</marc:subfield>
      <marc:subfield code="t">Le vampire au fil des siècles : enquête autour d'un mythe</marc:subfield>
      <marc:subfield code="7">ba0yba0y</marc:subfield>
      <marc:subfield code="8">frefre</marc:subfield>
    </marc:datafield>
    <marc:datafield tag="370" ind1=" " ind2=" ">
      <marc:subfield code="a">Texte remanié de la thèse de doctorat en littérature, soutenue à l’université Toulouse 2 en 2003</marc:subfield>
      <marc:subfield code="a">Présence d’illustrations peu nombreuses</marc:subfield>
      <marc:subfield code="a">Bibliographie (20 pages)</marc:subfield>
    </marc:datafield>
    <marc:datafield tag="501" ind1=" " ind2="1">
      <marc:subfield code="3">FRBNF13577629</marc:subfield>
      <marc:subfield code="7">ba0yba0y</marc:subfield>
      <marc:subfield code="8">frefre</marc:subfield>
      <marc:subfield code="o">ISNI 0000 0001 2119 5730</marc:subfield>
      <marc:subfield code="a">Valls de Gomis</marc:subfield>
      <marc:subfield code="b">Estelle</marc:subfield>
      <marc:subfield code="f">1973-...</marc:subfield>
      <marc:subfield code="4">070</marc:subfield>
    </marc:datafield>
    <marc:datafield tag="541" ind1=" " ind2="1">
      <marc:subfield code="5">xxc</marc:subfield>
      <marc:subfield code="p">Est une adaptation pour un autre public dans le même mode de création de [œuvre]</marc:subfield>
      <marc:subfield code="3">UMLRM0141</marc:subfield>
      <marc:subfield code="7">ba0yba0y</marc:subfield>
      <marc:subfield code="8">frefre</marc:subfield>
      <marc:subfield code="a">Valls de Gomis, Estelle (1973-...)</marc:subfield>
      <marc:subfield code="t">Le vampire au fil des siècles : docimasie d'un mythe</marc:subfield>
    </marc:datafield>
    <marc:datafield tag="606" ind1=" " ind2=" ">
      <marc:subfield code="3">FRBNF11945972</marc:subfield>
      <marc:subfield code="a">Vampires</marc:subfield>
      <marc:subfield code="3">FRBNF11996647</marc:subfield>
      <marc:subfield code="x">Dans la littérature</marc:subfield>
      <marc:subfield code="2">rameau</marc:subfield>
    </marc:datafield>
    <marc:datafield tag="606" ind1=" " ind2=" ">
      <marc:subfield code="3">FRBNF11952413</marc:subfield>
      <marc:subfield code="a">Littérature fantastique</marc:subfield>
      <marc:subfield code="2">rameau</marc:subfield>
    </marc:datafield>
    <marc:datafield tag="608" ind1=" " ind2=" ">
      <marc:subfield code="3">FRBNF11933610</marc:subfield>
      <marc:subfield code="a">Thèses et écrits académiques</marc:subfield>
      <marc:subfield code="2">rameauForme</marc:subfield>
    </marc:datafield>
    <marc:datafield tag="676" ind1=" " ind2=" ">
      <marc:subfield code="3">FRBNF13587353</marc:subfield>
      <marc:subfield code="a">398.45</marc:subfield>
      <marc:subfield code="v">23</marc:subfield>
    </marc:datafield>
    <marc:datafield tag="676" ind1=" " ind2=" ">
      <marc:subfield code="3">FRBNF14503804</marc:subfield>
      <marc:subfield code="a">809.393 75</marc:subfield>
      <marc:subfield code="v">23</marc:subfield>
    </marc:datafield>
    <marc:datafield tag="686" ind1=" " ind2=" ">
      <marc:subfield code="a">800</marc:subfield>
      <marc:subfield code="2">Cadre de classement de la Bibliographie nationale française</marc:subfield>
    </marc:datafield>
    <marc:datafield tag="801" ind1=" " ind2="0">
      <marc:subfield code="a">FR</marc:subfield>
      <marc:subfield code="b"> FR-751045101</marc:subfield>
      <marc:subfield code="c">20220809</marc:subfield>
    </marc:datafield>
    <marc:datafield tag="810" ind1=" " ind2=" ">
      <marc:subfield code="a">Le vampire au fil des siècles : enquête autour d'un mythe / Estelle Valls de Gomis. - Coudray-Macouard : Cheminements, DL 2005. – [Texte noté : sans médiation]</marc:subfield>
    </marc:datafield>
  </marc:record>