
  <marc:record>
    <marc:leader>00677cx  a2200193   4500</marc:leader>
    <marc:controlfield tag="001">UMLRM0088</marc:controlfield>
    <marc:controlfield tag="005">20220809</marc:controlfield>
    <marc:datafield tag="100" ind1=" " ind2=" ">
      <marc:subfield code="a">20220809afrey50      ba0</marc:subfield>
    </marc:datafield>
    <marc:datafield tag="101" ind1="0" ind2=" ">
      <marc:subfield code="a">fre</marc:subfield>
    </marc:datafield>
    <marc:datafield tag="102" ind1=" " ind2=" ">
      <marc:subfield code="a">FR</marc:subfield>
    </marc:datafield>
    <marc:datafield tag="104" ind1=" " ind2=" ">
      <marc:subfield code="a">d2005     </marc:subfield>
    </marc:datafield>
    <marc:datafield tag="105" ind1=" " ind2=" ">
      <marc:subfield code="a">ba</marc:subfield>
    </marc:datafield>
    <marc:datafield tag="145" ind1=" " ind2=" ">
      <marc:subfield code="a">i</marc:subfield>
      <marc:subfield code="b">axxe  </marc:subfield>
    </marc:datafield>
    <marc:datafield tag="145" ind1=" " ind2=" ">
      <marc:subfield code="a">b1</marc:subfield>
      <marc:subfield code="b">xb2e  </marc:subfield>
    </marc:datafield>
    <marc:datafield tag="147" ind1=" " ind2=" ">
      <marc:subfield code="a">h</marc:subfield>
    </marc:datafield>
    <marc:datafield tag="152" ind1=" " ind2=" ">
      <marc:subfield code="a">RDA-FR</marc:subfield>
    </marc:datafield>
    <marc:datafield tag="242" ind1=" " ind2="1">
      <marc:subfield code="3">UMLRM0087</marc:subfield>
      <marc:subfield code="7">ba0yba0y</marc:subfield>
      <marc:subfield code="8">frefre</marc:subfield>
      <marc:subfield code="a">Valls de Gomis, Estelle (1973-...)</marc:subfield>
      <marc:subfield code="t">Le vampire au fil des siècles : enquête autour d'un mythe</marc:subfield>
      <marc:subfield code="m">Français</marc:subfield>
      <marc:subfield code="n">Texte noté</marc:subfield>
    </marc:datafield>
    <marc:datafield tag="801" ind1=" " ind2="0">
      <marc:subfield code="a">FR</marc:subfield>
      <marc:subfield code="b"> FR-751045101</marc:subfield>
      <marc:subfield code="c">20220809</marc:subfield>
    </marc:datafield>
    <marc:datafield tag="810" ind1=" " ind2=" ">
      <marc:subfield code="a"> Le vampire au fil des siècles : enquête autour d'un / Estelle Valls de Gomis. - Coudray-Macouard : Cheminements, DL 2005. – [Texte noté : sans médiation]</marc:subfield>
    </marc:datafield>
  </marc:record>