
  <marc:record>
    <marc:leader>01989cx  a2200373   4500</marc:leader>
    <marc:controlfield tag="001">UMLRM0090</marc:controlfield>
    <marc:controlfield tag="005">20220923112245.D</marc:controlfield>
    <marc:datafield tag="100" ind1=" " ind2=" ">
      <marc:subfield code="a">20220923afrey50      ba0</marc:subfield>
    </marc:datafield>
    <marc:datafield tag="101" ind1="0" ind2=" ">
      <marc:subfield code="a">eng</marc:subfield>
      <marc:subfield code="a">fre</marc:subfield>
    </marc:datafield>
    <marc:datafield tag="102" ind1=" " ind2=" ">
      <marc:subfield code="a">SE</marc:subfield>
    </marc:datafield>
    <marc:datafield tag="104" ind1=" " ind2=" ">
      <marc:subfield code="a">d2003     </marc:subfield>
    </marc:datafield>
    <marc:datafield tag="125" ind1="0" ind2="0">
      <marc:subfield code="a">m</marc:subfield>
    </marc:datafield>
    <marc:datafield tag="140" ind1=" " ind2=" ">
      <marc:subfield code="a">em</marc:subfield>
      <marc:subfield code="b">jvac</marc:subfield>
      <marc:subfield code="2">BnF-JeuVidéo</marc:subfield>
    </marc:datafield>
    <marc:datafield tag="145" ind1="0" ind2=" ">
      <marc:subfield code="a">f</marc:subfield>
      <marc:subfield code="b">xxxae </marc:subfield>
    </marc:datafield>
    <marc:datafield tag="145" ind1="0" ind2=" ">
      <marc:subfield code="c">cop</marc:subfield>
      <marc:subfield code="2">rdacontent</marc:subfield>
    </marc:datafield>
    <marc:datafield tag="147" ind1="0" ind2=" ">
      <marc:subfield code="a">g</marc:subfield>
      <marc:subfield code="e">b</marc:subfield>
    </marc:datafield>
    <marc:datafield tag="152" ind1=" " ind2=" ">
      <marc:subfield code="a">RDA-FR</marc:subfield>
    </marc:datafield>
    <marc:datafield tag="154" ind1=" " ind2=" ">
      <marc:subfield code="a">xa</marc:subfield>
    </marc:datafield>
    <marc:datafield tag="231" ind1=" " ind2=" ">
      <marc:subfield code="7">ba0yba0y</marc:subfield>
      <marc:subfield code="8">freeng</marc:subfield>
      <marc:subfield code="a">Nosferatu, the wrath of Malachi</marc:subfield>
      <marc:subfield code="c">jeu vidéo</marc:subfield>
    </marc:datafield>
    <marc:datafield tag="333" ind1=" " ind2=" ">
      <marc:subfield code="a">Public adulte ; déconseillé aux moins de 16 ans</marc:subfield>
    </marc:datafield>
    <marc:datafield tag="370" ind1=" " ind2=" ">
      <marc:subfield code="a">Jeu de tir à la première personne sorti sur PC. Mode de jeu : solo</marc:subfield>
      <marc:subfield code="a">Genre : Survival horror</marc:subfield>
      <marc:subfield code="c">Inspiré du roman "Dracula" de Bram Stoker et du film de F.W. Murnau "Nosferatu"</marc:subfield>
      <marc:subfield code="c">Édité par iGames Publishing (États-Unis) et par Mindscape (Grande-Bretagne)</marc:subfield>
    </marc:datafield>
    <marc:datafield tag="378" ind1=" " ind2=" ">
      <marc:subfield code="a">Délivrez votre famille kidnappée par Dracula qui veut la sacrifier au cours d'un rituel démoniaque. En utilisant des armes traditionnelles, explorez le château du vampire, château dont l'agencement des pièces change constamment.</marc:subfield>
      <marc:subfield code="b"> jeuxvideos.com</marc:subfield>
      <marc:subfield code="u"> https://www.jeuxvideo.com/jeux/pc/00011666-nosferatu-the-wrath-of-malachi.htm</marc:subfield>
    </marc:datafield>
    <marc:datafield tag="511" ind1="0" ind2="2">
      <marc:subfield code="3">FRBNF15513730</marc:subfield>
      <marc:subfield code="7">ba0yba0y</marc:subfield>
      <marc:subfield code="8">fre###</marc:subfield>
      <marc:subfield code="a">Idol FX AB</marc:subfield>
      <marc:subfield code="4">635</marc:subfield>
    </marc:datafield>
    <marc:datafield tag="511" ind1="0" ind2="2">
      <marc:subfield code="3">FRBNF14466131</marc:subfield>
      <marc:subfield code="7">ba0yba0y</marc:subfield>
      <marc:subfield code="8">freeng</marc:subfield>
      <marc:subfield code="a">Pan vision corporate games</marc:subfield>
      <marc:subfield code="4">635</marc:subfield>
    </marc:datafield>
    <marc:datafield tag="531" ind1=" " ind2=" ">
      <marc:subfield code="5">xxl</marc:subfield>
      <marc:subfield code="3">UMLRM0001</marc:subfield>
      <marc:subfield code="7">ba0yba0y</marc:subfield>
      <marc:subfield code="8">freger</marc:subfield>
      <marc:subfield code="a"> Nosferatu, eine Symphonie des Grauens</marc:subfield>
      <marc:subfield code="c">film</marc:subfield>
    </marc:datafield>
    <marc:datafield tag="541" ind1=" " ind2="1">
      <marc:subfield code="5">xxl</marc:subfield>
      <marc:subfield code="3">UMLRM0004</marc:subfield>
      <marc:subfield code="7">ba0yba0y</marc:subfield>
      <marc:subfield code="8">freeng</marc:subfield>
      <marc:subfield code="a">Stoker, Bram (1847-1912)</marc:subfield>
      <marc:subfield code="t"> Dracula</marc:subfield>
    </marc:datafield>
    <marc:datafield tag="608" ind1=" " ind2=" ">
      <marc:subfield code="a">Jeu d'arcade ou d'action</marc:subfield>
      <marc:subfield code="2">frTAV</marc:subfield>
    </marc:datafield>
    <marc:datafield tag="608" ind1=" " ind2=" ">
      <marc:subfield code="a">Jeu vidéo</marc:subfield>
      <marc:subfield code="2">frTAV</marc:subfield>
    </marc:datafield>
    <marc:datafield tag="608" ind1=" " ind2=" ">
      <marc:subfield code="3">FRBNF13318902</marc:subfield>
      <marc:subfield code="a">Jeux vidéo</marc:subfield>
      <marc:subfield code="2">rameauGenre</marc:subfield>
    </marc:datafield>
    <marc:datafield tag="640" ind1="6" ind2=" ">
      <marc:subfield code="0">Date de première mise à disposition</marc:subfield>
      <marc:subfield code="a">US</marc:subfield>
      <marc:subfield code="f">#20031021#</marc:subfield>
    </marc:datafield>
    <marc:datafield tag="640" ind1="6" ind2=" ">
      <marc:subfield code="0">Date de première mise à disposition</marc:subfield>
      <marc:subfield code="a">GB</marc:subfield>
      <marc:subfield code="f">#20040514#</marc:subfield>
    </marc:datafield>
    <marc:datafield tag="640" ind1="6" ind2=" ">
      <marc:subfield code="0">Date de première mise à disposition</marc:subfield>
      <marc:subfield code="a">FR</marc:subfield>
      <marc:subfield code="f">#20030830#</marc:subfield>
    </marc:datafield>
    <marc:datafield tag="801" ind1=" " ind2="0">
      <marc:subfield code="a">FR</marc:subfield>
      <marc:subfield code="b">FR-751043001</marc:subfield>
      <marc:subfield code="c">20220923</marc:subfield>
    </marc:datafield>
    <marc:datafield tag="810" ind1=" " ind2=" ">
      <marc:subfield code="a">jeuxvideos.com - https://www.jeuxvideo.com/jeux/pc/00011666-nosferatu-the-wrath-of-malachi.htm (2022-09-23)</marc:subfield>
    </marc:datafield>
  </marc:record>