
  <marc:record>
    <marc:leader>01372nx  a2200265   4500</marc:leader>
    <marc:controlfield tag="001">UMLRM0091</marc:controlfield>
    <marc:datafield tag="100" ind1=" " ind2=" ">
      <marc:subfield code="a">202211043afrey50      ba0</marc:subfield>
    </marc:datafield>
    <marc:datafield tag="101" ind1="0" ind2=" ">
      <marc:subfield code="a">fre </marc:subfield>
    </marc:datafield>
    <marc:datafield tag="102" ind1=" " ind2=" ">
      <marc:subfield code="a">FR</marc:subfield>
    </marc:datafield>
    <marc:datafield tag="104" ind1=" " ind2=" ">
      <marc:subfield code="a">d2003     </marc:subfield>
    </marc:datafield>
    <marc:datafield tag="105" ind1=" " ind2=" ">
      <marc:subfield code="a">ba</marc:subfield>
    </marc:datafield>
    <marc:datafield tag="145" ind1=" " ind2=" ">
      <marc:subfield code="a">f</marc:subfield>
      <marc:subfield code="b">xxxae </marc:subfield>
    </marc:datafield>
    <marc:datafield tag="145" ind1=" " ind2=" ">
      <marc:subfield code="c">cop</marc:subfield>
      <marc:subfield code="2">rdacontent</marc:subfield>
    </marc:datafield>
    <marc:datafield tag="147" ind1=" " ind2=" ">
      <marc:subfield code="a">g</marc:subfield>
      <marc:subfield code="e">b</marc:subfield>
    </marc:datafield>
    <marc:datafield tag="152" ind1=" " ind2=" ">
      <marc:subfield code="a"> RDA-FR</marc:subfield>
    </marc:datafield>
    <marc:datafield tag="154" ind1=" " ind2=" ">
      <marc:subfield code="a">xb</marc:subfield>
    </marc:datafield>
    <marc:datafield tag="232" ind1=" " ind2=" ">
      <marc:subfield code="3">UMLRM0090</marc:subfield>
      <marc:subfield code="7">ba0yba0y</marc:subfield>
      <marc:subfield code="8">freeng</marc:subfield>
      <marc:subfield code="a">Nosferatu, the wrath of Malachi</marc:subfield>
      <marc:subfield code="c">jeu vidéo</marc:subfield>
      <marc:subfield code="w">PC</marc:subfield>
      <marc:subfield code="m">Français</marc:subfield>
    </marc:datafield>
    <marc:datafield tag="371" ind1=" " ind2=" ">
      <marc:subfield code="f">Plateforme : PC</marc:subfield>
      <marc:subfield code="f">Version française</marc:subfield>
    </marc:datafield>
    <marc:datafield tag="640" ind1="6" ind2=" ">
      <marc:subfield code="0">Date de première mise à disposition</marc:subfield>
      <marc:subfield code="a">FR</marc:subfield>
      <marc:subfield code="f">#20030830#</marc:subfield>
    </marc:datafield>
    <marc:datafield tag="801" ind1=" " ind2="0">
      <marc:subfield code="a">FR</marc:subfield>
      <marc:subfield code="b">FR-751131015</marc:subfield>
      <marc:subfield code="c">20221104</marc:subfield>
    </marc:datafield>
    <marc:datafield tag="810" ind1=" " ind2=" ">
      <marc:subfield code="a"> jeuxvideos.com : https://www.jeuxvideo.com/jeux/pc/00011666-nosferatu-the-wrath-of-malachi.htm (2022-11-04)</marc:subfield>
    </marc:datafield>
    <marc:datafield tag="810" ind1=" " ind2=" ">
      <marc:subfield code="a">Nosferatu : the wrath of Malachi / Idol FX AB, Pan vision. – Version française. – Courbevoie : Neo publishing, [2003]. – [Multimédia : électronique]</marc:subfield>
    </marc:datafield>
    <marc:datafield tag="810" ind1=" " ind2=" ">
      <marc:subfield code="a">Wikipedia - https://fr.wikipedia.org/wiki/Nosferatu:_The_Wrath_of_Malachi (2022-09-23)</marc:subfield>
      <marc:subfield code="b">Date et genre précis de l’œuvre</marc:subfield>
    </marc:datafield>
    <marc:datafield tag="810" ind1=" " ind2=" ">
      <marc:subfield code="a">Giant Bomb : Video game reviews, videos, forums and wiki : Nosferatu: The Wrath of Malachi (Game) - Giant Bomb (2022-11-04)</marc:subfield>
      <marc:subfield code="b">Date et source d’inspiration de l’œuvre</marc:subfield>
    </marc:datafield>
    <marc:datafield tag="810" ind1=" " ind2=" ">
      <marc:subfield code="a">Nosferatu : the wrath of Malachi / Idol FX AB, Pan vision. – [Clichy] : Eidos ; Boulogne-Billancourt : Mindscape, cop. 2005. – [Multimédia : électronique]</marc:subfield>
    </marc:datafield>
  </marc:record>