
  <marc:record>
    <marc:leader>02122cx  a2200337   4500</marc:leader>
    <marc:controlfield tag="001">UMLRM0099</marc:controlfield>
    <marc:controlfield tag="005">20220811.......D</marc:controlfield>
    <marc:datafield tag="100" ind1=" " ind2=" ">
      <marc:subfield code="a">20220811afrey50      ba0</marc:subfield>
    </marc:datafield>
    <marc:datafield tag="101" ind1="0" ind2=" ">
      <marc:subfield code="a">fre</marc:subfield>
    </marc:datafield>
    <marc:datafield tag="102" ind1=" " ind2=" ">
      <marc:subfield code="a">FR</marc:subfield>
    </marc:datafield>
    <marc:datafield tag="104" ind1=" " ind2=" ">
      <marc:subfield code="a">d1988    </marc:subfield>
    </marc:datafield>
    <marc:datafield tag="125" ind1="0" ind2="0">
      <marc:subfield code="a">e</marc:subfield>
    </marc:datafield>
    <marc:datafield tag="125" ind1="0" ind2=" ">
      <marc:subfield code="a">m</marc:subfield>
    </marc:datafield>
    <marc:datafield tag="140" ind1=" " ind2=" ">
      <marc:subfield code="a">mi</marc:subfield>
      <marc:subfield code="b">bdfta</marc:subfield>
      <marc:subfield code="2">BnF-FormeOeuvreMixte</marc:subfield>
    </marc:datafield>
    <marc:datafield tag="145" ind1="0" ind2=" ">
      <marc:subfield code="a">b</marc:subfield>
      <marc:subfield code="b">xb2e  </marc:subfield>
    </marc:datafield>
    <marc:datafield tag="145" ind1="0" ind2=" ">
      <marc:subfield code="a">i</marc:subfield>
      <marc:subfield code="b">axxe  </marc:subfield>
    </marc:datafield>
    <marc:datafield tag="147" ind1="0" ind2=" ">
      <marc:subfield code="a">a</marc:subfield>
    </marc:datafield>
    <marc:datafield tag="152" ind1=" " ind2=" ">
      <marc:subfield code="a">RDA-FR</marc:subfield>
    </marc:datafield>
    <marc:datafield tag="154" ind1=" " ind2=" ">
      <marc:subfield code="a">xa</marc:subfield>
    </marc:datafield>
    <marc:datafield tag="241" ind1=" " ind2="1">
      <marc:subfield code="3">FRBNF119006737</marc:subfield>
      <marc:subfield code="o">ISNI 0000 0001 2125 5326</marc:subfield>
      <marc:subfield code="a">Druillet, Philippe (1944-....)</marc:subfield>
      <marc:subfield code="t">Nosferatu</marc:subfield>
      <marc:subfield code="7">ba0yba0y</marc:subfield>
      <marc:subfield code="8">frefre</marc:subfield>
    </marc:datafield>
    <marc:datafield tag="370" ind1=" " ind2=" ">
      <marc:subfield code="c">D'après le roman de Bram Stoker et le film de F.-W. Murnau</marc:subfield>
    </marc:datafield>
    <marc:datafield tag="378" ind1=" " ind2=" ">
      <marc:subfield code="a">Les temps ont changé. Comment était-ce, autrefois ? Comment était-ce, la vie ? Nous avons dû changer, nous, ceux de la surface. Mutation, nourriture... C'est peut-être pour cela que nous sommes devenus des vampires...</marc:subfield>
      <marc:subfield code="b">Babelio</marc:subfield>
      <marc:subfield code="z">fre</marc:subfield>
    </marc:datafield>
    <marc:datafield tag="378" ind1=" " ind2=" ">
      <marc:subfield code="a">Dernier survivant de sa tribu, Nosferatu ne sait pas vraiment s’il est ou non un vampire. Depuis que la planète a été dévastée par un mystérieux cataclysme, qui a fini par faire disparaître la quasi totalité de la vie, il doit cependant consommer de la chair fraîche pour survivre. Déclamant ci-et-là du Baudelaire, du théâtre et se laissant parfois aller à un humour enfantin, la créature solitaire tente tant bien que mal de ne pas sombrer dans la folie, et de trouver une échappatoire à sa condition.</marc:subfield>
      <marc:subfield code="b">Vampirisme.com</marc:subfield>
      <marc:subfield code="z">fre</marc:subfield>
    </marc:datafield>
    <marc:datafield tag="501" ind1=" " ind2="1">
      <marc:subfield code="3">FRBNF11900673</marc:subfield>
      <marc:subfield code="7">ba0yba0y</marc:subfield>
      <marc:subfield code="8">frefre</marc:subfield>
      <marc:subfield code="o">ISNI 0000 0001 2125 5326</marc:subfield>
      <marc:subfield code="a">Druillet</marc:subfield>
      <marc:subfield code="b">Philippe</marc:subfield>
      <marc:subfield code="f">1944-....</marc:subfield>
      <marc:subfield code="4">070</marc:subfield>
      <marc:subfield code="4">440</marc:subfield>
    </marc:datafield>
    <marc:datafield tag="531" ind1=" " ind2=" ">
      <marc:subfield code="5">xxl</marc:subfield>
      <marc:subfield code="3">UMLRM0001</marc:subfield>
      <marc:subfield code="7">ba0yba0y</marc:subfield>
      <marc:subfield code="8">freger</marc:subfield>
      <marc:subfield code="t">Nosferatu : eine Symphonie des Grauens</marc:subfield>
      <marc:subfield code="c">film</marc:subfield>
    </marc:datafield>
    <marc:datafield tag="541" ind1=" " ind2="1">
      <marc:subfield code="5">xxl</marc:subfield>
      <marc:subfield code="3">UMLRM0004</marc:subfield>
      <marc:subfield code="7">ba0yba0y</marc:subfield>
      <marc:subfield code="8">freeng</marc:subfield>
      <marc:subfield code="a">Stoker</marc:subfield>
      <marc:subfield code="b">Bram (1847-1912)</marc:subfield>
      <marc:subfield code="t">Dracula</marc:subfield>
    </marc:datafield>
    <marc:datafield tag="608" ind1=" " ind2=" ">
      <marc:subfield code="3">FRBNF119310195</marc:subfield>
      <marc:subfield code="a">Bandes dessinées</marc:subfield>
      <marc:subfield code="2">rameauForme</marc:subfield>
    </marc:datafield>
    <marc:datafield tag="640" ind1="6" ind2=" ">
      <marc:subfield code="0">Date de première publication</marc:subfield>
      <marc:subfield code="f">#1988#####</marc:subfield>
    </marc:datafield>
    <marc:datafield tag="801" ind1=" " ind2="0">
      <marc:subfield code="a">FR</marc:subfield>
      <marc:subfield code="b">FR-751045101</marc:subfield>
      <marc:subfield code="c">20220811</marc:subfield>
    </marc:datafield>
    <marc:datafield tag="810" ind1=" " ind2=" ">
      <marc:subfield code="a">Vampirisme.com : https://www.vampirisme.com/livre/druillet-philippe-nosferatu(2022-09-18)</marc:subfield>
      <marc:subfield code="b">Résumé</marc:subfield>
    </marc:datafield>
    <marc:datafield tag="810" ind1=" " ind2=" ">
      <marc:subfield code="a">Nosferatu/Philippe Druillet. - Paris ; Barcelone ; Bruxelles : Dargaud, 1988. - [Texte noté. Image fixe : sans médiation]. - ISBN 2-205-03763-3</marc:subfield>
    </marc:datafield>
  </marc:record>