
  <marc:record>
    <marc:leader>00701cx  a2200217   4500</marc:leader>
    <marc:controlfield tag="001">UMLRM0100</marc:controlfield>
    <marc:controlfield tag="005">20220811######.D</marc:controlfield>
    <marc:datafield tag="100" ind1=" " ind2=" ">
      <marc:subfield code="a">20220811afrey50      ba0</marc:subfield>
    </marc:datafield>
    <marc:datafield tag="101" ind1="0" ind2=" ">
      <marc:subfield code="a">fre</marc:subfield>
    </marc:datafield>
    <marc:datafield tag="102" ind1=" " ind2=" ">
      <marc:subfield code="a">FR</marc:subfield>
    </marc:datafield>
    <marc:datafield tag="104" ind1=" " ind2=" ">
      <marc:subfield code="a">d1988    </marc:subfield>
    </marc:datafield>
    <marc:datafield tag="105" ind1=" " ind2=" ">
      <marc:subfield code="a">ba</marc:subfield>
    </marc:datafield>
    <marc:datafield tag="145" ind1="0" ind2=" ">
      <marc:subfield code="a">i</marc:subfield>
      <marc:subfield code="b">axxe  </marc:subfield>
    </marc:datafield>
    <marc:datafield tag="145" ind1="0" ind2=" ">
      <marc:subfield code="a">b</marc:subfield>
      <marc:subfield code="b">xb2e  </marc:subfield>
    </marc:datafield>
    <marc:datafield tag="147" ind1="0" ind2=" ">
      <marc:subfield code="a">a</marc:subfield>
    </marc:datafield>
    <marc:datafield tag="152" ind1=" " ind2=" ">
      <marc:subfield code="a">RDA-FR</marc:subfield>
    </marc:datafield>
    <marc:datafield tag="154" ind1=" " ind2=" ">
      <marc:subfield code="a">xb</marc:subfield>
    </marc:datafield>
    <marc:datafield tag="242" ind1=" " ind2="1">
      <marc:subfield code="3">UMLRM0099</marc:subfield>
      <marc:subfield code="a">Druillet, Philippe (1944-....)</marc:subfield>
      <marc:subfield code="t">Nosferatu</marc:subfield>
      <marc:subfield code="m">Français</marc:subfield>
      <marc:subfield code="n">Texte noté. Image fixe</marc:subfield>
      <marc:subfield code="7">ba0yba0y</marc:subfield>
      <marc:subfield code="8">frefre</marc:subfield>
    </marc:datafield>
    <marc:datafield tag="640" ind1="6" ind2=" ">
      <marc:subfield code="0">Date de première publication</marc:subfield>
      <marc:subfield code="f">#1988#####</marc:subfield>
    </marc:datafield>
    <marc:datafield tag="801" ind1=" " ind2="0">
      <marc:subfield code="a">FR</marc:subfield>
      <marc:subfield code="b">FR-751045101</marc:subfield>
      <marc:subfield code="c">20220811</marc:subfield>
    </marc:datafield>
    <marc:datafield tag="810" ind1=" " ind2=" ">
      <marc:subfield code="a">Nosferatu / Philippe Druillet. - Paris ; Barcelone ; Bruxelles : Dargaud, 1988. - [Texte noté, image fixe : sans médiation] - ISBN 2-205-03763-3</marc:subfield>
    </marc:datafield>
  </marc:record>