
  <marc:record>
    <marc:leader>03232nx  a2200529   4500</marc:leader>
    <marc:controlfield tag="001">UMLRM0105</marc:controlfield>
    <marc:datafield tag="033" ind1=" " ind2=" ">
      <marc:subfield code="a">https://data.bnf.fr/ark:/12148/cb16472893n</marc:subfield>
      <marc:subfield code="2">data.bnf.fr</marc:subfield>
    </marc:datafield>
    <marc:datafield tag="033" ind1=" " ind2=" ">
      <marc:subfield code="a">https://www.wikidata.org/wiki/Q1254472</marc:subfield>
      <marc:subfield code="2">Wikidata</marc:subfield>
    </marc:datafield>
    <marc:datafield tag="052" ind1=" " ind2=" ">
      <marc:subfield code="a">0000-0004-7CA4-0000-R-0000-0000-U</marc:subfield>
    </marc:datafield>
    <marc:datafield tag="100" ind1=" " ind2=" ">
      <marc:subfield code="a">20220905afrey50      ba0</marc:subfield>
    </marc:datafield>
    <marc:datafield tag="101" ind1="0" ind2=" ">
      <marc:subfield code="a">eng</marc:subfield>
    </marc:datafield>
    <marc:datafield tag="102" ind1=" " ind2=" ">
      <marc:subfield code="a">GB</marc:subfield>
    </marc:datafield>
    <marc:datafield tag="104" ind1=" " ind2=" ">
      <marc:subfield code="a">d1968     </marc:subfield>
    </marc:datafield>
    <marc:datafield tag="125" ind1="0" ind2="0">
      <marc:subfield code="a">m </marc:subfield>
    </marc:datafield>
    <marc:datafield tag="127" ind1="0" ind2=" ">
      <marc:subfield code="a">013200</marc:subfield>
    </marc:datafield>
    <marc:datafield tag="140" ind1=" " ind2=" ">
      <marc:subfield code="a">ic</marc:subfield>
      <marc:subfield code="b">ffho</marc:subfield>
      <marc:subfield code="2">BnF-GenreFilm</marc:subfield>
    </marc:datafield>
    <marc:datafield tag="140" ind1=" " ind2=" ">
      <marc:subfield code="a">ic</marc:subfield>
      <marc:subfield code="b">fffa</marc:subfield>
      <marc:subfield code="2">BnF-GenreFilm</marc:subfield>
    </marc:datafield>
    <marc:datafield tag="145" ind1="0" ind2=" ">
      <marc:subfield code="a">b</marc:subfield>
      <marc:subfield code="b">xa2ae </marc:subfield>
    </marc:datafield>
    <marc:datafield tag="147" ind1="0" ind2=" ">
      <marc:subfield code="a">g</marc:subfield>
      <marc:subfield code="e">c</marc:subfield>
    </marc:datafield>
    <marc:datafield tag="152" ind1=" " ind2=" ">
      <marc:subfield code="a">RDA-FR</marc:subfield>
    </marc:datafield>
    <marc:datafield tag="154" ind1=" " ind2=" ">
      <marc:subfield code="a">xa</marc:subfield>
    </marc:datafield>
    <marc:datafield tag="231" ind1=" " ind2=" ">
      <marc:subfield code="7">ba0yba0y</marc:subfield>
      <marc:subfield code="8">freeng</marc:subfield>
      <marc:subfield code="a">Dracula has risen from the grave</marc:subfield>
      <marc:subfield code="c">film</marc:subfield>
    </marc:datafield>
    <marc:datafield tag="333" ind1=" " ind2=" ">
      <marc:subfield code="a">Interdit aux moins de 12 ans</marc:subfield>
    </marc:datafield>
    <marc:datafield tag="370" ind1=" " ind2=" ">
      <marc:subfield code="a">Quatrième film de la série "Dracula" produite par la société Hammer Film Productions.</marc:subfield>
    </marc:datafield>
    <marc:datafield tag="431" ind1=" " ind2=" ">
      <marc:subfield code="a">Dracula et les femmes</marc:subfield>
      <marc:subfield code="c">film</marc:subfield>
      <marc:subfield code="7">ba0yba0y</marc:subfield>
      <marc:subfield code="8">frefre</marc:subfield>
    </marc:datafield>
    <marc:datafield tag="441" ind1=" " ind2="1">
      <marc:subfield code="3">FRBNF14001257</marc:subfield>
      <marc:subfield code="o">ISNI 0000 0001 1044 7015</marc:subfield>
      <marc:subfield code="a">Francis, Freddie (1917-2007)</marc:subfield>
      <marc:subfield code="t">Dracula has risen from the grave</marc:subfield>
      <marc:subfield code="c">film</marc:subfield>
      <marc:subfield code="7">ba0yba0y</marc:subfield>
      <marc:subfield code="8">freeng</marc:subfield>
    </marc:datafield>
    <marc:datafield tag="441" ind1=" " ind2="1">
      <marc:subfield code="3">FRBNF14001257</marc:subfield>
      <marc:subfield code="o">ISNI 0000 0001 1044 7015</marc:subfield>
      <marc:subfield code="a">Francis, Freddie (1917-2007)</marc:subfield>
      <marc:subfield code="t">Dracula et les femmes</marc:subfield>
      <marc:subfield code="c">film</marc:subfield>
      <marc:subfield code="7">ba0yba0y</marc:subfield>
      <marc:subfield code="8">frefre</marc:subfield>
    </marc:datafield>
    <marc:datafield tag="501" ind1="1" ind2=" ">
      <marc:subfield code="3">FRBNF14001257</marc:subfield>
      <marc:subfield code="7">ba0yba0y</marc:subfield>
      <marc:subfield code="8">freeng</marc:subfield>
      <marc:subfield code="o">ISNI 0000 0001 1044 7015</marc:subfield>
      <marc:subfield code="a">Francis, Freddie (1917-2007)‎</marc:subfield>
      <marc:subfield code="4">300</marc:subfield>
    </marc:datafield>
    <marc:datafield tag="501" ind1=" " ind2="1">
      <marc:subfield code="3">FRBNF17975514</marc:subfield>
      <marc:subfield code="7">ba0yba0y</marc:subfield>
      <marc:subfield code="8">freeng</marc:subfield>
      <marc:subfield code="a">Elder</marc:subfield>
      <marc:subfield code="b">John</marc:subfield>
      <marc:subfield code="f">1922-2013</marc:subfield>
      <marc:subfield code="4">690</marc:subfield>
    </marc:datafield>
    <marc:datafield tag="501" ind1=" " ind2="1">
      <marc:subfield code="3">FRBNF13891418</marc:subfield>
      <marc:subfield code="7">ba0yba0y</marc:subfield>
      <marc:subfield code="8">fre###</marc:subfield>
      <marc:subfield code="o">ISNI 0000 0001 1604 3011</marc:subfield>
      <marc:subfield code="a">Bernard</marc:subfield>
      <marc:subfield code="b">James</marc:subfield>
      <marc:subfield code="f">1925-2001</marc:subfield>
      <marc:subfield code="4">230</marc:subfield>
    </marc:datafield>
    <marc:datafield tag="501" ind1=" " ind2="1">
      <marc:subfield code="3">FRBNF12213529</marc:subfield>
      <marc:subfield code="7">ba0yba0y</marc:subfield>
      <marc:subfield code="8">freeng</marc:subfield>
      <marc:subfield code="o">ISNI 0000 0001 2284 3808</marc:subfield>
      <marc:subfield code="a">Lee</marc:subfield>
      <marc:subfield code="b">Christopher</marc:subfield>
      <marc:subfield code="f">1922-2015</marc:subfield>
      <marc:subfield code="4">005</marc:subfield>
    </marc:datafield>
    <marc:datafield tag="501" ind1=" " ind2="1">
      <marc:subfield code="3">FRBNF14169469</marc:subfield>
      <marc:subfield code="7">ba0yba0y</marc:subfield>
      <marc:subfield code="8">freeng</marc:subfield>
      <marc:subfield code="o">ISNI 0000 0000 3949 8521</marc:subfield>
      <marc:subfield code="a">Davies</marc:subfield>
      <marc:subfield code="b">Rupert</marc:subfield>
      <marc:subfield code="f">1916-1976</marc:subfield>
      <marc:subfield code="4">005</marc:subfield>
    </marc:datafield>
    <marc:datafield tag="501" ind1=" " ind2="1">
      <marc:subfield code="3">FRBNF14067231</marc:subfield>
      <marc:subfield code="7">ba0yba0y</marc:subfield>
      <marc:subfield code="8">freeng</marc:subfield>
      <marc:subfield code="o">ISNI 0000 0000 7245 7211</marc:subfield>
      <marc:subfield code="a">Carlson</marc:subfield>
      <marc:subfield code="b">Veronica</marc:subfield>
      <marc:subfield code="f">1944-202</marc:subfield>
      <marc:subfield code="4">005</marc:subfield>
    </marc:datafield>
    <marc:datafield tag="511" ind1="0" ind2="2">
      <marc:subfield code="3">FRBNF13167642</marc:subfield>
      <marc:subfield code="7">ba0yba0y</marc:subfield>
      <marc:subfield code="8">freeng</marc:subfield>
      <marc:subfield code="o">ISNI 0000 0001 2191 3894</marc:subfield>
      <marc:subfield code="a">Hammer Film Productions‎</marc:subfield>
      <marc:subfield code="4">630</marc:subfield>
    </marc:datafield>
    <marc:datafield tag="531" ind1=" " ind2=" ">
      <marc:subfield code="5">xxd</marc:subfield>
      <marc:subfield code="3">UMLRM0180</marc:subfield>
      <marc:subfield code="a">Dracula</marc:subfield>
      <marc:subfield code="c">film ; série</marc:subfield>
    </marc:datafield>
    <marc:datafield tag="541" ind1=" " ind2=" ">
      <marc:subfield code="5">xxl</marc:subfield>
      <marc:subfield code="3">UMLRM0004</marc:subfield>
      <marc:subfield code="a">Stoker, Bram (1847-1912)</marc:subfield>
      <marc:subfield code="t">Dracula</marc:subfield>
      <marc:subfield code="7">ba0yba0y</marc:subfield>
      <marc:subfield code="8">freeng</marc:subfield>
    </marc:datafield>
    <marc:datafield tag="640" ind1="5" ind2=" ">
      <marc:subfield code="0">Tournage</marc:subfield>
      <marc:subfield code="a">GB</marc:subfield>
      <marc:subfield code="d">Londres</marc:subfield>
      <marc:subfield code="e">Pinewood studios</marc:subfield>
      <marc:subfield code="f">#19680422#</marc:subfield>
      <marc:subfield code="i">#19680604#</marc:subfield>
    </marc:datafield>
    <marc:datafield tag="640" ind1="6" ind2=" ">
      <marc:subfield code="a">GB</marc:subfield>
      <marc:subfield code="f">#19681107#</marc:subfield>
    </marc:datafield>
    <marc:datafield tag="640" ind1="6" ind2=" ">
      <marc:subfield code="a">FR</marc:subfield>
      <marc:subfield code="f">#19690606#</marc:subfield>
    </marc:datafield>
    <marc:datafield tag="801" ind1=" " ind2=" ">
      <marc:subfield code="a">FR</marc:subfield>
      <marc:subfield code="b">FR-341725402</marc:subfield>
      <marc:subfield code="c">20220905</marc:subfield>
    </marc:datafield>
    <marc:datafield tag="810" ind1=" " ind2=" ">
      <marc:subfield code="a">Dracula has risen from the grave‎ / starring Christopher Lee, Rupert Davies ; produced by Aïda Young ; directed by Freddie Francis ; screenplay by John Elder based on the character created by Bram Stoker ; a Hammer film production. – [Burbank, Californie, États-Unis : Warner home video [éditeur] ; Paris : Warner home video France [distributeur], [1995]. – [Image animée : video]</marc:subfield>
    </marc:datafield>
    <marc:datafield tag="810" ind1=" " ind2=" ">
      <marc:subfield code="a">Ciné-ressources : catalogue collectif des bibliothèques et archives de cinéma : http://www.cineressources.net (2022-11-04)</marc:subfield>
    </marc:datafield>
    <marc:datafield tag="810" ind1=" " ind2=" ">
      <marc:subfield code="a">Registre des visas et de la classification du CNC - https://www.cnc.fr/professionnels/visas-et-classification/35505 (2021-06-22)</marc:subfield>
    </marc:datafield>
    <marc:datafield tag="810" ind1=" " ind2=" ">
      <marc:subfield code="a">Wikipédia : https://fr.wikipedia.org/wiki/Dracula_et_les_Femmes (2022-11-04)</marc:subfield>
    </marc:datafield>
    <marc:datafield tag="810" ind1=" " ind2=" ">
      <marc:subfield code="a">IMDB (Internet movie database) : https://www.imdb.com/title/tt0062909 (2022-11-04)</marc:subfield>
    </marc:datafield>
    <marc:datafield tag="810" ind1=" " ind2=" ">
      <marc:subfield code="a">BnF Catalogue général : http://catalogue.bnf.fr/ark:/12148/cb16472893n</marc:subfield>
    </marc:datafield>
    <marc:datafield tag="810" ind1=" " ind2=" ">
      <marc:subfield code="a">Data.bnf.fr : https://data.bnf.fr/ark:/12148/cb16472893n (2022-09-05)</marc:subfield>
    </marc:datafield>
  </marc:record>