
  <marc:record>
    <marc:leader>01812cx  a2200313   4500</marc:leader>
    <marc:controlfield tag="001">UMLRM0114</marc:controlfield>
    <marc:controlfield tag="005">202210171342##.D</marc:controlfield>
    <marc:datafield tag="033" ind1=" " ind2=" ">
      <marc:subfield code="a">https://www.wikidata.org/wiki/Q1750300</marc:subfield>
      <marc:subfield code="2">Wikidata</marc:subfield>
    </marc:datafield>
    <marc:datafield tag="100" ind1=" " ind2=" ">
      <marc:subfield code="a">20221017afrey50      ba0</marc:subfield>
    </marc:datafield>
    <marc:datafield tag="101" ind1="0" ind2=" ">
      <marc:subfield code="a">eng</marc:subfield>
    </marc:datafield>
    <marc:datafield tag="102" ind1=" " ind2=" ">
      <marc:subfield code="a">GB</marc:subfield>
    </marc:datafield>
    <marc:datafield tag="104" ind1=" " ind2=" ">
      <marc:subfield code="a">d2009    </marc:subfield>
    </marc:datafield>
    <marc:datafield tag="125" ind1="0" ind2="0">
      <marc:subfield code="a">m </marc:subfield>
    </marc:datafield>
    <marc:datafield tag="140" ind1=" " ind2=" ">
      <marc:subfield code="a">te</marc:subfield>
      <marc:subfield code="b">rofan</marc:subfield>
      <marc:subfield code="2">BnF-GenreLitt</marc:subfield>
    </marc:datafield>
    <marc:datafield tag="152" ind1=" " ind2=" ">
      <marc:subfield code="a">RDA-FR</marc:subfield>
    </marc:datafield>
    <marc:datafield tag="154" ind1=" " ind2=" ">
      <marc:subfield code="a">xa</marc:subfield>
    </marc:datafield>
    <marc:datafield tag="241" ind1=" " ind2="1">
      <marc:subfield code="3">FRBNF16166678</marc:subfield>
      <marc:subfield code="o">ISNI 0000 0001 1080 0544</marc:subfield>
      <marc:subfield code="a">Stoker, Dacre</marc:subfield>
      <marc:subfield code="3">FRBNF16166639</marc:subfield>
      <marc:subfield code="o">ISNI 0000 0001 0923 8478</marc:subfield>
      <marc:subfield code="a">Holt, Ian (1964-….)</marc:subfield>
      <marc:subfield code="t">Dracula, the un-dead</marc:subfield>
      <marc:subfield code="7">ba0yba0y</marc:subfield>
      <marc:subfield code="8">freeng</marc:subfield>
    </marc:datafield>
    <marc:datafield tag="370" ind1=" " ind2=" ">
      <marc:subfield code="a">Suite du roman de Bram Stoker</marc:subfield>
      <marc:subfield code="a">Accompagnée de reproductions en fac-similé de notes de Bram Stoker</marc:subfield>
    </marc:datafield>
    <marc:datafield tag="441" ind1=" " ind2="1">
      <marc:subfield code="3">FRBNF16166678</marc:subfield>
      <marc:subfield code="o">ISNI 0000 0001 1080 0544</marc:subfield>
      <marc:subfield code="a"> Stoker, Dacre</marc:subfield>
      <marc:subfield code="3">FRBNF16166639</marc:subfield>
      <marc:subfield code="o">ISNI 0000 0001 0923 8478</marc:subfield>
      <marc:subfield code="a">Holt, Ian (1964-….)</marc:subfield>
    </marc:datafield>
    <marc:datafield tag="501" ind1=" " ind2="1">
      <marc:subfield code="3">FRBNF16166678</marc:subfield>
      <marc:subfield code="7">ba0yba0y</marc:subfield>
      <marc:subfield code="8">freeng</marc:subfield>
      <marc:subfield code="o">ISNI 0000 0001 1080 0544</marc:subfield>
      <marc:subfield code="a">Stoker</marc:subfield>
      <marc:subfield code="b">Dacre</marc:subfield>
      <marc:subfield code="4">070</marc:subfield>
    </marc:datafield>
    <marc:datafield tag="501" ind1=" " ind2="1">
      <marc:subfield code="3">FRBNF16166639</marc:subfield>
      <marc:subfield code="7">ba0yba0y</marc:subfield>
      <marc:subfield code="8">freeng</marc:subfield>
      <marc:subfield code="o">ISNI 0000 0001 0923 8478</marc:subfield>
      <marc:subfield code="a">Holt</marc:subfield>
      <marc:subfield code="b">Ian</marc:subfield>
      <marc:subfield code="f">1964-….</marc:subfield>
      <marc:subfield code="4">070</marc:subfield>
    </marc:datafield>
    <marc:datafield tag="541" ind1=" " ind2="1">
      <marc:subfield code="5">xxi</marc:subfield>
      <marc:subfield code="p">Suite de</marc:subfield>
      <marc:subfield code="3">UMLRM0004</marc:subfield>
      <marc:subfield code="7">ba0yba0y</marc:subfield>
      <marc:subfield code="8">freeng</marc:subfield>
      <marc:subfield code="a">Stoker, Bram (1847-1912)</marc:subfield>
      <marc:subfield code="t">Dracula</marc:subfield>
    </marc:datafield>
    <marc:datafield tag="541" ind1=" " ind2="1">
      <marc:subfield code="5">xxc</marc:subfield>
      <marc:subfield code="p">A pour adaptation dans un autre mode de création [œuvre]</marc:subfield>
      <marc:subfield code="3">UMLRM0186</marc:subfield>
      <marc:subfield code="7">ba0yba0y</marc:subfield>
      <marc:subfield code="8">frefre</marc:subfield>
      <marc:subfield code="a">Dufranne, Michel (1970-....)</marc:subfield>
      <marc:subfield code="a">Kowalski, Piotr (1973-....)</marc:subfield>
      <marc:subfield code="t">Dracula l’immortel</marc:subfield>
    </marc:datafield>
    <marc:datafield tag="608" ind1=" " ind2=" ">
      <marc:subfield code="3">FRBNF17863011</marc:subfield>
      <marc:subfield code="a">Roman fantastique</marc:subfield>
      <marc:subfield code="2">rameauGenre</marc:subfield>
    </marc:datafield>
    <marc:datafield tag="608" ind1=" " ind2=" ">
      <marc:subfield code="3">FRBNF11945821</marc:subfield>
      <marc:subfield code="a">Littérature d'épouvante</marc:subfield>
      <marc:subfield code="2">rameauGenre</marc:subfield>
    </marc:datafield>
    <marc:datafield tag="640" ind1="6" ind2=" ">
      <marc:subfield code="0">Date de première publication</marc:subfield>
      <marc:subfield code="f">#2009#####</marc:subfield>
    </marc:datafield>
    <marc:datafield tag="801" ind1=" " ind2="0">
      <marc:subfield code="a">FR</marc:subfield>
      <marc:subfield code="b">FR-751131015</marc:subfield>
      <marc:subfield code="c">20221017</marc:subfield>
    </marc:datafield>
    <marc:datafield tag="810" ind1=" " ind2=" ">
      <marc:subfield code="a">Wikipédia : https://en.wikipedia.org/wiki/Dracula_the_Un-dead (2022-11-08)</marc:subfield>
    </marc:datafield>
    <marc:datafield tag="810" ind1=" " ind2=" ">
      <marc:subfield code="a">Dracula l'immortel / Dacre Stoker et Ian Holt ; traduit de l'anglais (États-Unis) par Jean-Noël Chatain. – Neuilly-sur-Seine : M. Lafon, DL 2009. – [Texte noté : sans médiation]. – ISBN 978-2-7499-1109-0</marc:subfield>
    </marc:datafield>
  </marc:record>