
  <marc:record>
    <marc:leader>04596nx  a2200553   4500</marc:leader>
    <marc:controlfield tag="001">UMLRM0129</marc:controlfield>
    <marc:datafield tag="033" ind1=" " ind2=" ">
      <marc:subfield code="a">https://www.wikidata.org/wiki/Q1324090</marc:subfield>
    </marc:datafield>
    <marc:datafield tag="033" ind1=" " ind2=" ">
      <marc:subfield code="a">http://viaf.org/viaf/316752046</marc:subfield>
    </marc:datafield>
    <marc:datafield tag="100" ind1=" " ind2=" ">
      <marc:subfield code="a">20221020afrey50      ba0</marc:subfield>
    </marc:datafield>
    <marc:datafield tag="101" ind1="0" ind2=" ">
      <marc:subfield code="a">eng</marc:subfield>
      <marc:subfield code="a">ger</marc:subfield>
    </marc:datafield>
    <marc:datafield tag="102" ind1=" " ind2=" ">
      <marc:subfield code="a">GB</marc:subfield>
      <marc:subfield code="a">US</marc:subfield>
      <marc:subfield code="a">LU</marc:subfield>
    </marc:datafield>
    <marc:datafield tag="104" ind1=" " ind2=" ">
      <marc:subfield code="a">d2000     </marc:subfield>
    </marc:datafield>
    <marc:datafield tag="125" ind1="0" ind2="0">
      <marc:subfield code="a">m</marc:subfield>
    </marc:datafield>
    <marc:datafield tag="127" ind1="0" ind2=" ">
      <marc:subfield code="a">013200</marc:subfield>
    </marc:datafield>
    <marc:datafield tag="140" ind1=" " ind2=" ">
      <marc:subfield code="a">ic</marc:subfield>
      <marc:subfield code="b">ffho</marc:subfield>
      <marc:subfield code="2">BnF-GenreFilm</marc:subfield>
    </marc:datafield>
    <marc:datafield tag="145" ind1="0" ind2=" ">
      <marc:subfield code="a">b</marc:subfield>
      <marc:subfield code="b">xa2ae </marc:subfield>
    </marc:datafield>
    <marc:datafield tag="147" ind1="0" ind2=" ">
      <marc:subfield code="a">h</marc:subfield>
      <marc:subfield code="e">c</marc:subfield>
    </marc:datafield>
    <marc:datafield tag="152" ind1=" " ind2=" ">
      <marc:subfield code="a">RDA-FR</marc:subfield>
    </marc:datafield>
    <marc:datafield tag="154" ind1=" " ind2=" ">
      <marc:subfield code="a">xa</marc:subfield>
    </marc:datafield>
    <marc:datafield tag="231" ind1=" " ind2=" ">
      <marc:subfield code="7">ba0yba0y</marc:subfield>
      <marc:subfield code="8">freeng</marc:subfield>
      <marc:subfield code="a">Shadow of the vampire</marc:subfield>
      <marc:subfield code="c">film</marc:subfield>
    </marc:datafield>
    <marc:datafield tag="333" ind1=" " ind2=" ">
      <marc:subfield code="a">Adultes, tout public</marc:subfield>
    </marc:datafield>
    <marc:datafield tag="370" ind1=" " ind2=" ">
      <marc:subfield code="c">D'après le tournage du film "Nosferatu : eine Symphonie des Grauens" (sorti en France sous le titre de "Nosferatu le vampire") de F.-W. Murnau</marc:subfield>
    </marc:datafield>
    <marc:datafield tag="378" ind1=" " ind2=" ">
      <marc:subfield code="a">Le tournage de "Nosferatu, eine Symphonie des Grauens" (1922) est entravé par sa star Max Schreck, qui prend le rôle d'un vampire beaucoup plus au sérieux qu'il ne semble humainement possible.</marc:subfield>
      <marc:subfield code="b">IMDb</marc:subfield>
    </marc:datafield>
    <marc:datafield tag="378" ind1=" " ind2=" ">
      <marc:subfield code="a">En 1921, Friedrich Murnau entreprend le tournage de sa version de Dracula : Nosferatu. Contrevenant un peu aux règles de l'expressionnisme, il décide de tourner en décors naturels et emmène son équipe dans une campagne retirée de Tchécoslovaquie. L'acteur qui doit incarner le vampire, Max Schreck, est parti sur les lieux avant tout le monde pour s'imprégner de son personnage. Dès sa première scène, il terrorise son partenaire. Il n'apparaît jamais à visage découvert, adopte une attitude déconcertante et vit dans l'ombre, retiré de l'équipe, qui commence à s'inquiéter. Bientôt, en plein tournage, il se jette sur l'opérateur et lui suce le sang. Schreck est en fait un authentique vampire à qui, en échange de sa prestation, Murnau a promis de livrer son actrice vedette, Greta. Celle-ci arrive sur les lieux. Schreck devient de plus en plus impatient et Murnau doit sans cesse renégocier pour espérer finir son film. Un soir, Murnau, drogué, avoue tout à son producteur. Celui-ci essaie de piéger Schreck en faisant entrer la lumière du jour à la fin de sa dernière scène, pour le tuer. Mais le vampire déjoue le tour, et, furieux, tue l'actrice, le producteur et le nouvel opérateur. Fasciné, Murnau tourne. Des techniciens arrivent alors à ouvrir une porte. Le soleil entre, Schreck meurt. Inconscient du drame, Murnau demande le "cut".</marc:subfield>
      <marc:subfield code="b">Les fiches du cinéma</marc:subfield>
      <marc:subfield code="z">fre</marc:subfield>
    </marc:datafield>
    <marc:datafield tag="431" ind1=" " ind2=" ">
      <marc:subfield code="7">ba0yba0y</marc:subfield>
      <marc:subfield code="8">frefre</marc:subfield>
      <marc:subfield code="a">L'ombre du vampire</marc:subfield>
      <marc:subfield code="c">film</marc:subfield>
    </marc:datafield>
    <marc:datafield tag="441" ind1=" " ind2="1">
      <marc:subfield code="3">FRBNF14120989</marc:subfield>
      <marc:subfield code="a">Merhige, E. Elias (1964-....)</marc:subfield>
      <marc:subfield code="t">Shadow of the vampire</marc:subfield>
      <marc:subfield code="7">ba0yba0y</marc:subfield>
      <marc:subfield code="8">freeng</marc:subfield>
    </marc:datafield>
    <marc:datafield tag="441" ind1=" " ind2="1">
      <marc:subfield code="3">FRBNF14120989</marc:subfield>
      <marc:subfield code="a">Merhige, E. Elias (1964-....)</marc:subfield>
      <marc:subfield code="t">L'ombre du vampire</marc:subfield>
      <marc:subfield code="7">ba0yba0y</marc:subfield>
      <marc:subfield code="8">frefre</marc:subfield>
    </marc:datafield>
    <marc:datafield tag="501" ind1=" " ind2="1">
      <marc:subfield code="3">FRBNF14120989</marc:subfield>
      <marc:subfield code="7">ba0yba0y</marc:subfield>
      <marc:subfield code="8">fre###r</marc:subfield>
      <marc:subfield code="o">ISNI 0000 0000 8001 4058</marc:subfield>
      <marc:subfield code="a">Merhige</marc:subfield>
      <marc:subfield code="b">E. Elias</marc:subfield>
      <marc:subfield code="f">1964-....</marc:subfield>
      <marc:subfield code="4">300</marc:subfield>
    </marc:datafield>
    <marc:datafield tag="501" ind1=" " ind2="1">
      <marc:subfield code="3">FRBNF15551902</marc:subfield>
      <marc:subfield code="7">ba0yba0y</marc:subfield>
      <marc:subfield code="8">fre###</marc:subfield>
      <marc:subfield code="a">Katz</marc:subfield>
      <marc:subfield code="b">Stephen</marc:subfield>
      <marc:subfield code="f">1959-....</marc:subfield>
      <marc:subfield code="4">690</marc:subfield>
    </marc:datafield>
    <marc:datafield tag="501" ind1=" " ind2="1">
      <marc:subfield code="3">FRBNF13931937</marc:subfield>
      <marc:subfield code="7">ba0yba0y</marc:subfield>
      <marc:subfield code="8">freeng</marc:subfield>
      <marc:subfield code="o">ISNI 0000 0001 2142 0985</marc:subfield>
      <marc:subfield code="a">Malkovich</marc:subfield>
      <marc:subfield code="b">John</marc:subfield>
      <marc:subfield code="f">1953-....</marc:subfield>
      <marc:subfield code="4">005</marc:subfield>
    </marc:datafield>
    <marc:datafield tag="501" ind1=" " ind2="1">
      <marc:subfield code="3">FRBNF13930540</marc:subfield>
      <marc:subfield code="7">ba0yba0y</marc:subfield>
      <marc:subfield code="8">fre###</marc:subfield>
      <marc:subfield code="o">ISNI 0000 0001 2120 4334</marc:subfield>
      <marc:subfield code="a">Dafoe</marc:subfield>
      <marc:subfield code="b">Willem</marc:subfield>
      <marc:subfield code="f">1955-....</marc:subfield>
      <marc:subfield code="4">005</marc:subfield>
    </marc:datafield>
    <marc:datafield tag="501" ind1=" " ind2="1">
      <marc:subfield code="3">FRBNF13955638</marc:subfield>
      <marc:subfield code="7">ba0yba0y</marc:subfield>
      <marc:subfield code="8">fre###</marc:subfield>
      <marc:subfield code="o">ISNI 0000 0001 1491 0388</marc:subfield>
      <marc:subfield code="a">Elwes</marc:subfield>
      <marc:subfield code="b">Cary</marc:subfield>
      <marc:subfield code="f">1962-....</marc:subfield>
      <marc:subfield code="4">005</marc:subfield>
    </marc:datafield>
    <marc:datafield tag="511" ind1="0" ind2="2">
      <marc:subfield code="7">ba0yba0y</marc:subfield>
      <marc:subfield code="8">freeng</marc:subfield>
      <marc:subfield code="o">ISNI 0000 0001 0443 0962</marc:subfield>
      <marc:subfield code="a">BBC Films</marc:subfield>
      <marc:subfield code="4">630</marc:subfield>
    </marc:datafield>
    <marc:datafield tag="511" ind1="0" ind2="2">
      <marc:subfield code="7">ba0yba0y</marc:subfield>
      <marc:subfield code="8">freeng</marc:subfield>
      <marc:subfield code="o">ISNI 0000 0000 8548 1923</marc:subfield>
      <marc:subfield code="a">Saturn Films</marc:subfield>
      <marc:subfield code="4">630</marc:subfield>
    </marc:datafield>
    <marc:datafield tag="511" ind1="0" ind2="2">
      <marc:subfield code="7">ba0yba0y</marc:subfield>
      <marc:subfield code="8">freeng</marc:subfield>
      <marc:subfield code="o">ISNI 0000 0001 2189 1007</marc:subfield>
      <marc:subfield code="a">Pilgrim Films and Television</marc:subfield>
      <marc:subfield code="4">630</marc:subfield>
    </marc:datafield>
    <marc:datafield tag="511" ind1="0" ind2="2">
      <marc:subfield code="7">ba0yba0y</marc:subfield>
      <marc:subfield code="8">freeng</marc:subfield>
      <marc:subfield code="a">Film Fund Luxembourg</marc:subfield>
      <marc:subfield code="4">630</marc:subfield>
    </marc:datafield>
    <marc:datafield tag="531" ind1=" " ind2=" ">
      <marc:subfield code="5">xxl</marc:subfield>
      <marc:subfield code="3">UMLRM0001</marc:subfield>
      <marc:subfield code="t">Nosferatu : eine Symphonie des Grauens</marc:subfield>
      <marc:subfield code="c">film</marc:subfield>
    </marc:datafield>
    <marc:datafield tag="608" ind1=" " ind2=" ">
      <marc:subfield code="3">FRBNF11931407</marc:subfield>
      <marc:subfield code="a">Films de vampires</marc:subfield>
      <marc:subfield code="2">rameauGenre</marc:subfield>
    </marc:datafield>
    <marc:datafield tag="608" ind1=" " ind2=" ">
      <marc:subfield code="3">FRBNF11980577</marc:subfield>
      <marc:subfield code="a">Films d’horreur</marc:subfield>
      <marc:subfield code="2">rameauGenre</marc:subfield>
    </marc:datafield>
    <marc:datafield tag="640" ind1="6" ind2=" ">
      <marc:subfield code="0">Première mise à disposition</marc:subfield>
      <marc:subfield code="a">FR</marc:subfield>
      <marc:subfield code="f">#20000515#</marc:subfield>
      <marc:subfield code="h">Festival de Cannes</marc:subfield>
    </marc:datafield>
    <marc:datafield tag="640" ind1="6" ind2=" ">
      <marc:subfield code="0">Date de sortie en salle</marc:subfield>
      <marc:subfield code="a">FR</marc:subfield>
      <marc:subfield code="f">#20001129#</marc:subfield>
    </marc:datafield>
    <marc:datafield tag="640" ind1="6" ind2=" ">
      <marc:subfield code="0">Date de sortie en salle</marc:subfield>
      <marc:subfield code="a">US</marc:subfield>
      <marc:subfield code="f">#20001229#</marc:subfield>
    </marc:datafield>
    <marc:datafield tag="640" ind1="6" ind2=" ">
      <marc:subfield code="0">Date de copyright</marc:subfield>
      <marc:subfield code="f">#2000#####</marc:subfield>
    </marc:datafield>
    <marc:datafield tag="640" ind1="5" ind2=" ">
      <marc:subfield code="0">Date de tournage</marc:subfield>
      <marc:subfield code="f">#19990418#</marc:subfield>
      <marc:subfield code="i">#19990528#</marc:subfield>
    </marc:datafield>
    <marc:datafield tag="801" ind1=" " ind2="0">
      <marc:subfield code="a">FR</marc:subfield>
      <marc:subfield code="b">FR-751131015</marc:subfield>
      <marc:subfield code="c">20221020</marc:subfield>
    </marc:datafield>
    <marc:datafield tag="810" ind1=" " ind2=" ">
      <marc:subfield code="a">L'ombre du vampire = Shadow of the vampire / E. Elias Merhige, [réalisateur] ; John Malkovitch, Willem Dafoe, Cary Elwes... [et autres], [acteurs]. – Paris : Studio Canal+ [éditeur] ; Antony : Universal pictures vidéo France SA [distributeur], 2001 (DL). – [Image animée : vidéo].</marc:subfield>
    </marc:datafield>
    <marc:datafield tag="810" ind1=" " ind2=" ">
      <marc:subfield code="a">Wikipedia : https://fr.wikipedia.org/wiki/L%27Ombre_du_vampire (2022-10-20)</marc:subfield>
    </marc:datafield>
    <marc:datafield tag="810" ind1=" " ind2=" ">
      <marc:subfield code="a">Ciné-ressources : catalogue collectif des bibliothèques et archives de cinéma : http://www.cineressources.net (2022-10-20)</marc:subfield>
    </marc:datafield>
    <marc:datafield tag="810" ind1=" " ind2=" ">
      <marc:subfield code="a">IMDB (Internet movie database) : https://www.imdb.com/title/tt0189998 (2022-10-20)</marc:subfield>
    </marc:datafield>
  </marc:record>