
  <marc:record>
    <marc:leader>01259cx  a2200349   4500</marc:leader>
    <marc:controlfield tag="001">UMLRM0132</marc:controlfield>
    <marc:controlfield tag="005">20221005140223.0</marc:controlfield>
    <marc:datafield tag="100" ind1=" " ind2=" ">
      <marc:subfield code="a">20221005afrey50      ba0</marc:subfield>
    </marc:datafield>
    <marc:datafield tag="101" ind1="0" ind2=" ">
      <marc:subfield code="a">ger</marc:subfield>
    </marc:datafield>
    <marc:datafield tag="102" ind1=" " ind2=" ">
      <marc:subfield code="a">DE</marc:subfield>
    </marc:datafield>
    <marc:datafield tag="104" ind1=" " ind2=" ">
      <marc:subfield code="a">d2009     </marc:subfield>
    </marc:datafield>
    <marc:datafield tag="125" ind1="0" ind2="0">
      <marc:subfield code="a">m</marc:subfield>
    </marc:datafield>
    <marc:datafield tag="140" ind1=" " ind2=" ">
      <marc:subfield code="a">te</marc:subfield>
      <marc:subfield code="b">biogr</marc:subfield>
      <marc:subfield code="2">BnF-FonctTexMix</marc:subfield>
    </marc:datafield>
    <marc:datafield tag="140" ind1=" " ind2=" ">
      <marc:subfield code="a">te</marc:subfield>
      <marc:subfield code="b">b</marc:subfield>
      <marc:subfield code="2">UM/B105pos12</marc:subfield>
    </marc:datafield>
    <marc:datafield tag="145" ind1="0" ind2=" ">
      <marc:subfield code="a">i</marc:subfield>
    </marc:datafield>
    <marc:datafield tag="145" ind1="0" ind2=" ">
      <marc:subfield code="a">b1</marc:subfield>
      <marc:subfield code="b">xb2e  </marc:subfield>
    </marc:datafield>
    <marc:datafield tag="145" ind1="0" ind2=" ">
      <marc:subfield code="c">txt</marc:subfield>
      <marc:subfield code="2">rdacontent</marc:subfield>
    </marc:datafield>
    <marc:datafield tag="145" ind1="0" ind2=" ">
      <marc:subfield code="c">sti</marc:subfield>
      <marc:subfield code="2">rdacontent</marc:subfield>
    </marc:datafield>
    <marc:datafield tag="147" ind1="0" ind2=" ">
      <marc:subfield code="a">a</marc:subfield>
    </marc:datafield>
    <marc:datafield tag="152" ind1=" " ind2=" ">
      <marc:subfield code="a">RDA-FR</marc:subfield>
    </marc:datafield>
    <marc:datafield tag="154" ind1=" " ind2=" ">
      <marc:subfield code="a">xa</marc:subfield>
    </marc:datafield>
    <marc:datafield tag="241" ind1=" " ind2="1">
      <marc:subfield code="3">FRBNF16537622</marc:subfield>
      <marc:subfield code="o">ISNI 0000 0000 6325 9782</marc:subfield>
      <marc:subfield code="a">Eickhoff, Stefan</marc:subfield>
      <marc:subfield code="t">Max Schreck : Gespenstertheater</marc:subfield>
      <marc:subfield code="7">ba0yba0y</marc:subfield>
      <marc:subfield code="8">freger</marc:subfield>
    </marc:datafield>
    <marc:datafield tag="333" ind1=" " ind2=" ">
      <marc:subfield code="a">Public motivé</marc:subfield>
    </marc:datafield>
    <marc:datafield tag="370" ind1=" " ind2=" ">
      <marc:subfield code="a">Illustrations (60 pages environ)</marc:subfield>
      <marc:subfield code="a">Bibliographie (4 pages)</marc:subfield>
      <marc:subfield code="a">Index</marc:subfield>
    </marc:datafield>
    <marc:datafield tag="501" ind1=" " ind2="1">
      <marc:subfield code="3">FRBNF16537622</marc:subfield>
      <marc:subfield code="7">ba0yba0y</marc:subfield>
      <marc:subfield code="8">freger</marc:subfield>
      <marc:subfield code="o">ISNI 0000 0000 6325 9782</marc:subfield>
      <marc:subfield code="a">Eickhoff</marc:subfield>
      <marc:subfield code="b">Stefan</marc:subfield>
      <marc:subfield code="4">070</marc:subfield>
    </marc:datafield>
    <marc:datafield tag="600" ind1=" " ind2="1">
      <marc:subfield code="3">FRBNF15121209</marc:subfield>
      <marc:subfield code="7">ba0yba0y</marc:subfield>
      <marc:subfield code="8">frefre</marc:subfield>
      <marc:subfield code="o">ISNI 0000 0000 6314 1223</marc:subfield>
      <marc:subfield code="a">Schreck</marc:subfield>
      <marc:subfield code="b">Max</marc:subfield>
      <marc:subfield code="f">1879-1936</marc:subfield>
    </marc:datafield>
    <marc:datafield tag="608" ind1=" " ind2=" ">
      <marc:subfield code="3">FRBNF11935764</marc:subfield>
      <marc:subfield code="a">Biographie</marc:subfield>
      <marc:subfield code="2">rameau-Genre</marc:subfield>
    </marc:datafield>
    <marc:datafield tag="640" ind1="0" ind2=" ">
      <marc:subfield code="0">Date de copyright</marc:subfield>
      <marc:subfield code="f">#2009#####</marc:subfield>
    </marc:datafield>
    <marc:datafield tag="676" ind1=" " ind2=" ">
      <marc:subfield code="a">791.430 28092</marc:subfield>
      <marc:subfield code="v">23</marc:subfield>
    </marc:datafield>
    <marc:datafield tag="676" ind1=" " ind2=" ">
      <marc:subfield code="a">792.028092</marc:subfield>
      <marc:subfield code="v">23</marc:subfield>
    </marc:datafield>
    <marc:datafield tag="801" ind1=" " ind2="0">
      <marc:subfield code="a">FR</marc:subfield>
      <marc:subfield code="b"> FR-751045101</marc:subfield>
      <marc:subfield code="c">20221005</marc:subfield>
    </marc:datafield>
    <marc:datafield tag="810" ind1=" " ind2=" ">
      <marc:subfield code="a">Max Schreck : Gespenstertheater / Stefan Eickhoff. – München : Belleville, cop. 2009. – [Texte noté : sans médiation]. – ISBN 9783936298543</marc:subfield>
    </marc:datafield>
  </marc:record>