
  <marc:record>
    <marc:leader>01315nx  a2200241   4500</marc:leader>
    <marc:controlfield tag="001">UMLRM0136</marc:controlfield>
    <marc:datafield tag="100" ind1=" " ind2=" ">
      <marc:subfield code="a">20221021afrey50      ba0</marc:subfield>
    </marc:datafield>
    <marc:datafield tag="101" ind1="2" ind2=" ">
      <marc:subfield code="a">eng</marc:subfield>
      <marc:subfield code="j">fre</marc:subfield>
    </marc:datafield>
    <marc:datafield tag="102" ind1=" " ind2=" ">
      <marc:subfield code="a">FR</marc:subfield>
    </marc:datafield>
    <marc:datafield tag="104" ind1=" " ind2=" ">
      <marc:subfield code="a">d2005     </marc:subfield>
    </marc:datafield>
    <marc:datafield tag="145" ind1=" " ind2=" ">
      <marc:subfield code="a">b</marc:subfield>
      <marc:subfield code="b">xa2ae </marc:subfield>
    </marc:datafield>
    <marc:datafield tag="147" ind1="1" ind2=" ">
      <marc:subfield code="a">h</marc:subfield>
      <marc:subfield code="e">d</marc:subfield>
      <marc:subfield code="h">c</marc:subfield>
    </marc:datafield>
    <marc:datafield tag="152" ind1=" " ind2=" ">
      <marc:subfield code="a"> RDA-FR</marc:subfield>
    </marc:datafield>
    <marc:datafield tag="154" ind1=" " ind2=" ">
      <marc:subfield code="a">xb</marc:subfield>
    </marc:datafield>
    <marc:datafield tag="232" ind1=" " ind2=" ">
      <marc:subfield code="3">UMLRM0135</marc:subfield>
      <marc:subfield code="7">ba0yba0y</marc:subfield>
      <marc:subfield code="8">freeng</marc:subfield>
      <marc:subfield code="a">Dracula : pages from a virgin's diary</marc:subfield>
      <marc:subfield code="c">film</marc:subfield>
      <marc:subfield code="m">Anglais ; sous-titrage en français</marc:subfield>
    </marc:datafield>
    <marc:datafield tag="371" ind1=" " ind2=" ">
      <marc:subfield code="a">Surround (Dolby)</marc:subfield>
      <marc:subfield code="c">Film en version originale anglaise avec sous-titrage optionnel en français</marc:subfield>
    </marc:datafield>
    <marc:datafield tag="532" ind1=" " ind2=" ">
      <marc:subfield code="5">xxq</marc:subfield>
      <marc:subfield code="3">UMLRM0167</marc:subfield>
      <marc:subfield code="7">ba0yba0y</marc:subfield>
      <marc:subfield code="8">fre###</marc:subfield>
      <marc:subfield code="a">Guy Maddin</marc:subfield>
      <marc:subfield code="k">ED Distribution</marc:subfield>
      <marc:subfield code="m">Anglais ; sous-titrage en français</marc:subfield>
      <marc:subfield code="n">Image animée</marc:subfield>
    </marc:datafield>
    <marc:datafield tag="640" ind1="6" ind2=" ">
      <marc:subfield code="0">Date de première publication</marc:subfield>
      <marc:subfield code="f">#2005#####</marc:subfield>
    </marc:datafield>
    <marc:datafield tag="801" ind1=" " ind2="0">
      <marc:subfield code="a">FR</marc:subfield>
      <marc:subfield code="b">FR-751131015</marc:subfield>
      <marc:subfield code="c">20221021</marc:subfield>
    </marc:datafield>
    <marc:datafield tag="810" ind1=" " ind2=" ">
      <marc:subfield code="a">Dracula : pages tirées du journal d'une vierge/ un film de Guy Maddin, [réalisateur] ; musique de Gustav Mahler. – [Paris] : ED distribution [éditeur, distributeur], [DL 2005]. – [Image animée : vidéo].</marc:subfield>
    </marc:datafield>
    <marc:datafield tag="810" ind1=" " ind2=" ">
      <marc:subfield code="a">Wikipedia : https://fr.wikipedia.org/wiki/Dracula,_pages_tir%C3%A9es_du_journal_d%27une_vierge (2022-10-21)</marc:subfield>
    </marc:datafield>
    <marc:datafield tag="810" ind1=" " ind2=" ">
      <marc:subfield code="a">Ciné-ressources : catalogue collectif des bibliothèques et archives de cinéma : http://www.cineressources.net (2022-10-21)</marc:subfield>
    </marc:datafield>
    <marc:datafield tag="810" ind1=" " ind2=" ">
      <marc:subfield code="a">IMDB (Internet movie database) : https://www.imdb.com/title/tt0293113/ (2022-10-21)</marc:subfield>
    </marc:datafield>
  </marc:record>