
  <marc:record>
    <marc:leader>01546nx  a2200265   4500</marc:leader>
    <marc:controlfield tag="001">UMLRM0138</marc:controlfield>
    <marc:datafield tag="100" ind1=" " ind2=" ">
      <marc:subfield code="a">20221025afrey50      ba0</marc:subfield>
    </marc:datafield>
    <marc:datafield tag="102" ind1=" " ind2=" ">
      <marc:subfield code="a">FR</marc:subfield>
    </marc:datafield>
    <marc:datafield tag="104" ind1=" " ind2=" ">
      <marc:subfield code="a">d2001     </marc:subfield>
    </marc:datafield>
    <marc:datafield tag="125" ind1="0" ind2=" ">
      <marc:subfield code="a">m</marc:subfield>
    </marc:datafield>
    <marc:datafield tag="140" ind1=" " ind2=" ">
      <marc:subfield code="a">is</marc:subfield>
      <marc:subfield code="b">maquette</marc:subfield>
      <marc:subfield code="2">frTICO</marc:subfield>
    </marc:datafield>
    <marc:datafield tag="145" ind1="0" ind2=" ">
      <marc:subfield code="a">b</marc:subfield>
      <marc:subfield code="b">xb2e  </marc:subfield>
    </marc:datafield>
    <marc:datafield tag="152" ind1=" " ind2=" ">
      <marc:subfield code="a">RDA-FR</marc:subfield>
    </marc:datafield>
    <marc:datafield tag="154" ind1=" " ind2=" ">
      <marc:subfield code="a">xa</marc:subfield>
    </marc:datafield>
    <marc:datafield tag="241" ind1=" " ind2="1">
      <marc:subfield code="3">FRBNF14654751</marc:subfield>
      <marc:subfield code="o">ISNI 0000 0003 6454 4704</marc:subfield>
      <marc:subfield code="a">Jeanneteau, Daniel (1963-....)</marc:subfield>
      <marc:subfield code="3">FRBNF14676342</marc:subfield>
      <marc:subfield code="a">Deratte, Laure (19..-....)</marc:subfield>
      <marc:subfield code="t">[Maquette de décor en volume pour "Nosferatu"]</marc:subfield>
      <marc:subfield code="7">ba0yba0y</marc:subfield>
      <marc:subfield code="8">frefre</marc:subfield>
    </marc:datafield>
    <marc:datafield tag="370" ind1=" " ind2=" ">
      <marc:subfield code="a">Grande catégorie technique : dessin</marc:subfield>
      <marc:subfield code="c">Maquette de décor pour le ballet "Nosferatu" de Jean-Claude Gallotta créé à Opéra national de Paris-Bastille le 2 mai 2001</marc:subfield>
    </marc:datafield>
    <marc:datafield tag="501" ind1=" " ind2="1">
      <marc:subfield code="3">FRBNF14654751</marc:subfield>
      <marc:subfield code="7">ba0yba0y</marc:subfield>
      <marc:subfield code="8">frefre</marc:subfield>
      <marc:subfield code="o">ISNI 0000 0003 6454 4704</marc:subfield>
      <marc:subfield code="a">Jeanneteau</marc:subfield>
      <marc:subfield code="b">Daniel</marc:subfield>
      <marc:subfield code="f">1963-....</marc:subfield>
      <marc:subfield code="4">040</marc:subfield>
    </marc:datafield>
    <marc:datafield tag="501" ind1=" " ind2="1">
      <marc:subfield code="3">FRBNF14676342</marc:subfield>
      <marc:subfield code="7">ba0yba0y</marc:subfield>
      <marc:subfield code="8">frefre</marc:subfield>
      <marc:subfield code="a">Deratte</marc:subfield>
      <marc:subfield code="b">Laure</marc:subfield>
      <marc:subfield code="f">19..-....</marc:subfield>
      <marc:subfield code="4">040</marc:subfield>
    </marc:datafield>
    <marc:datafield tag="515" ind1=" " ind2=" ">
      <marc:subfield code="0">Lieu de l’événement à l’origine de l’œuvre</marc:subfield>
      <marc:subfield code="a">Opéra Bastille (Paris, France ; lieu)</marc:subfield>
    </marc:datafield>
    <marc:datafield tag="531" ind1=" " ind2=" ">
      <marc:subfield code="5">xxr</marc:subfield>
      <marc:subfield code="p">Décors utilisés dans</marc:subfield>
      <marc:subfield code="3">UMLRM0147</marc:subfield>
      <marc:subfield code="a">Nosferatu</marc:subfield>
      <marc:subfield code="c">spectacle</marc:subfield>
      <marc:subfield code="d">2001</marc:subfield>
      <marc:subfield code="e">Paris ; Opéra Bastille</marc:subfield>
      <marc:subfield code="7">ba0yba0y</marc:subfield>
      <marc:subfield code="8">frefre</marc:subfield>
    </marc:datafield>
    <marc:datafield tag="541" ind1=" " ind2="1">
      <marc:subfield code="5">xxr</marc:subfield>
      <marc:subfield code="p">Œuvre préparatoire pour</marc:subfield>
      <marc:subfield code="a">Jeanneteau, Daniel (1963-....)</marc:subfield>
      <marc:subfield code="a">Deratte, Laure (19..-....)</marc:subfield>
      <marc:subfield code="t">[Décors pour "Nosferatu"]</marc:subfield>
    </marc:datafield>
    <marc:datafield tag="608" ind1=" " ind2=" ">
      <marc:subfield code="3">FRBNF11960059</marc:subfield>
      <marc:subfield code="a">Décors de ballet</marc:subfield>
      <marc:subfield code="2">rameau</marc:subfield>
    </marc:datafield>
    <marc:datafield tag="640" ind1="0" ind2=" ">
      <marc:subfield code="0">Événement à l’origine de l’œuvre</marc:subfield>
      <marc:subfield code="a">FR</marc:subfield>
      <marc:subfield code="d">Paris</marc:subfield>
      <marc:subfield code="e"> Opéra Bastille</marc:subfield>
      <marc:subfield code="f">#20010502#</marc:subfield>
    </marc:datafield>
    <marc:datafield tag="801" ind1=" " ind2="0">
      <marc:subfield code="a">FR</marc:subfield>
      <marc:subfield code="b">FR-751045101</marc:subfield>
      <marc:subfield code="c">20221025</marc:subfield>
    </marc:datafield>
    <marc:datafield tag="810" ind1=" " ind2=" ">
      <marc:subfield code="a">[Maquette de décor en volume pour "Nosferatu"]/ [Daniel Jeanneteau et Laure Deratte]. – [2001]. – [Image fixe : sans médiation]</marc:subfield>
    </marc:datafield>
  </marc:record>