
  <marc:record>
    <marc:leader>00682nx  a2200181   4500</marc:leader>
    <marc:controlfield tag="001">UMLRM0139</marc:controlfield>
    <marc:datafield tag="100" ind1=" " ind2=" ">
      <marc:subfield code="a">20221025afrey50      ba0</marc:subfield>
    </marc:datafield>
    <marc:datafield tag="101" ind1="0" ind2=" ">
      <marc:subfield code="a">zxx</marc:subfield>
    </marc:datafield>
    <marc:datafield tag="102" ind1=" " ind2=" ">
      <marc:subfield code="a">FR</marc:subfield>
    </marc:datafield>
    <marc:datafield tag="104" ind1=" " ind2=" ">
      <marc:subfield code="a">d2001     </marc:subfield>
    </marc:datafield>
    <marc:datafield tag="145" ind1="0" ind2=" ">
      <marc:subfield code="a">b</marc:subfield>
      <marc:subfield code="b">xb2e  </marc:subfield>
    </marc:datafield>
    <marc:datafield tag="152" ind1=" " ind2=" ">
      <marc:subfield code="a">RDA-FR</marc:subfield>
    </marc:datafield>
    <marc:datafield tag="154" ind1=" " ind2=" ">
      <marc:subfield code="a">xb</marc:subfield>
    </marc:datafield>
    <marc:datafield tag="242" ind1=" " ind2="1">
      <marc:subfield code="3">UMLRM0138</marc:subfield>
      <marc:subfield code="a">Jeanneteau, Daniel (1963-....)</marc:subfield>
      <marc:subfield code="a">Deratte, Laure (19..-....)</marc:subfield>
      <marc:subfield code="t">[Maquette de décor en volume pour "Nosferatu"]</marc:subfield>
      <marc:subfield code="n">Image fixe</marc:subfield>
      <marc:subfield code="7">ba0yba0y</marc:subfield>
      <marc:subfield code="8">frefre</marc:subfield>
    </marc:datafield>
    <marc:datafield tag="371" ind1=" " ind2=" ">
      <marc:subfield code="f">Maquette montée</marc:subfield>
    </marc:datafield>
    <marc:datafield tag="640" ind1="5" ind2=" ">
      <marc:subfield code="0">Date d’achèvement de l’expression</marc:subfield>
      <marc:subfield code="f">#2001#####</marc:subfield>
    </marc:datafield>
    <marc:datafield tag="801" ind1=" " ind2="0">
      <marc:subfield code="a">FR</marc:subfield>
      <marc:subfield code="b">FR-751045101</marc:subfield>
      <marc:subfield code="c">20221025</marc:subfield>
    </marc:datafield>
    <marc:datafield tag="810" ind1=" " ind2=" ">
      <marc:subfield code="a">[Maquette de décor en volume pour "Nosferatu"]/ [Daniel Jeanneteau et Laure Deratte]. – [2001]. – [Image fixe : sans médiation]</marc:subfield>
    </marc:datafield>
  </marc:record>