
  <marc:record>
    <marc:leader>03510cx  a2200349   4500</marc:leader>
    <marc:controlfield tag="001">UMLRM0141</marc:controlfield>
    <marc:controlfield tag="005">20220913</marc:controlfield>
    <marc:datafield tag="029" ind1=" " ind2=" ">
      <marc:subfield code="a">FR</marc:subfield>
      <marc:subfield code="b">2003TOU20048</marc:subfield>
    </marc:datafield>
    <marc:datafield tag="100" ind1=" " ind2=" ">
      <marc:subfield code="a">20220913afrey50      ba0</marc:subfield>
    </marc:datafield>
    <marc:datafield tag="101" ind1="0" ind2=" ">
      <marc:subfield code="a">fre</marc:subfield>
    </marc:datafield>
    <marc:datafield tag="102" ind1=" " ind2=" ">
      <marc:subfield code="a">FR</marc:subfield>
    </marc:datafield>
    <marc:datafield tag="104" ind1=" " ind2=" ">
      <marc:subfield code="a">d2003     </marc:subfield>
    </marc:datafield>
    <marc:datafield tag="125" ind1="0" ind2="2">
      <marc:subfield code="a">k</marc:subfield>
    </marc:datafield>
    <marc:datafield tag="140" ind1=" " ind2=" ">
      <marc:subfield code="a">te</marc:subfield>
      <marc:subfield code="b">etdoc</marc:subfield>
      <marc:subfield code="2">BnF-FonctTexMix</marc:subfield>
    </marc:datafield>
    <marc:datafield tag="140" ind1=" " ind2=" ">
      <marc:subfield code="a">te</marc:subfield>
      <marc:subfield code="b">m</marc:subfield>
      <marc:subfield code="2">UMB105pos4</marc:subfield>
    </marc:datafield>
    <marc:datafield tag="145" ind1="0" ind2=" ">
      <marc:subfield code="a">i</marc:subfield>
    </marc:datafield>
    <marc:datafield tag="145" ind1="0" ind2=" ">
      <marc:subfield code="a">b1</marc:subfield>
      <marc:subfield code="b">xb2e  </marc:subfield>
    </marc:datafield>
    <marc:datafield tag="147" ind1="0" ind2=" ">
      <marc:subfield code="a">a</marc:subfield>
    </marc:datafield>
    <marc:datafield tag="152" ind1=" " ind2=" ">
      <marc:subfield code="a">RDA-FR</marc:subfield>
    </marc:datafield>
    <marc:datafield tag="154" ind1=" " ind2=" ">
      <marc:subfield code="a">xa</marc:subfield>
    </marc:datafield>
    <marc:datafield tag="241" ind1=" " ind2="1">
      <marc:subfield code="3">FRBNF13577629</marc:subfield>
      <marc:subfield code="a">Valls de Gomis, Estelle (1973-...)</marc:subfield>
      <marc:subfield code="t">Le vampire au fil des siècles : docimasie d'un mythe</marc:subfield>
      <marc:subfield code="7">ba0yba0y</marc:subfield>
      <marc:subfield code="8">frefre</marc:subfield>
    </marc:datafield>
    <marc:datafield tag="370" ind1=" " ind2=" ">
      <marc:subfield code="a">Présence d’illustrations peu nombreuses</marc:subfield>
      <marc:subfield code="a">Bibliographie (16 feuillets)</marc:subfield>
    </marc:datafield>
    <marc:datafield tag="378" ind1=" " ind2=" ">
      <marc:subfield code="a">Cette thèse explore les différentes facettes du mythe du vampire, en commençant par ses prémices dans les domaines de la mythologie et de la religion, pour passer par ses soi-disant incarnations historiques et enfin arriver à son développement en littérature, puis dans les médias et les diverses formes d'art que sont le cinéma, la peinture, la bande dessinée et la musique. Dans le domaine littéraire, plusieurs oeuvres majeures sont étudiées, telles que le Dracula de Bram Stoker et le Lestat d'Anne Rice, entre autres, mais également des ouvrages non vampiriques pouvant donner un autre éclairage sur l'étude du mythe, tels que, par exemple, Wuthering Heights d'Emily Brontë et The Picture of Dorian Gray d'Oscar Wilde. L'importance des lieux dans le vampirisme et les motifs récurrents sont abordés. Et après un bref passage par le vampire en psychanalyse et en criminologie, c'est la fascination pour le mythe et sa dissémination à travers la publicité, le cinéma et l'art pictural notamment qui sont évoquées.</marc:subfield>
      <marc:subfield code="b">auteur</marc:subfield>
      <marc:subfield code="z">fre</marc:subfield>
    </marc:datafield>
    <marc:datafield tag="378" ind1=" " ind2=" ">
      <marc:subfield code="a">Exploring the various facets of the myth of the vampire, first throughout mythology and religion, then through his so-called historical embodiments, we finally reach the study of its development in literature, in the media and in various forms of culture such as cinema, art, comics and music. Several major works are studied as regards the literary domain, such as Bram Stoker's Dracula and Anne Rice's Lestat, among others, but also non-vampiric novels such as, for example, Emily Brontë's Wuthering Heights or Oscar Wilde's Picture of Dorian Gray, that will shed a different light on the study of the vampire myth. The importance of places in vampirism, and the recurrent themes are evoked. And after a quick survey of the vampire in psychoanalysis and criminology, it is the fascination for the myth and its dissemination through advertisement, cinema and pictorial art, among others, which are studied.</marc:subfield>
      <marc:subfield code="b">auteur</marc:subfield>
      <marc:subfield code="z">eng</marc:subfield>
    </marc:datafield>
    <marc:datafield tag="501" ind1=" " ind2="1">
      <marc:subfield code="3">FRBNF13577629</marc:subfield>
      <marc:subfield code="7">ba0yba0y</marc:subfield>
      <marc:subfield code="8">frefre</marc:subfield>
      <marc:subfield code="a">Valls de Gomis</marc:subfield>
      <marc:subfield code="b">Estelle</marc:subfield>
      <marc:subfield code="f">1973-...</marc:subfield>
      <marc:subfield code="4">070</marc:subfield>
    </marc:datafield>
    <marc:datafield tag="501" ind1=" " ind2="1">
      <marc:subfield code="3">FRBNF128234597</marc:subfield>
      <marc:subfield code="7">ba0yba0y</marc:subfield>
      <marc:subfield code="8">frefre</marc:subfield>
      <marc:subfield code="a">Lanone</marc:subfield>
      <marc:subfield code="b">Catherine</marc:subfield>
      <marc:subfield code="4">595</marc:subfield>
    </marc:datafield>
    <marc:datafield tag="511" ind1="0" ind2="2">
      <marc:subfield code="3">FRBNF118657734</marc:subfield>
      <marc:subfield code="7">ba0yba0y</marc:subfield>
      <marc:subfield code="8">frefre</marc:subfield>
      <marc:subfield code="a">Université Toulouse-Jean Jaurès</marc:subfield>
      <marc:subfield code="4">295</marc:subfield>
    </marc:datafield>
    <marc:datafield tag="541" ind1=" " ind2="1">
      <marc:subfield code="5">xxa</marc:subfield>
      <marc:subfield code="p">A pour adaptation pour un autre public dans le même mode de création de [œuvre]</marc:subfield>
      <marc:subfield code="3">UMLRM0087</marc:subfield>
      <marc:subfield code="7">ba0yba0y</marc:subfield>
      <marc:subfield code="8">frefre</marc:subfield>
      <marc:subfield code="a">Valls de Gomis, Estelle (1973-...)</marc:subfield>
      <marc:subfield code="t">Le vampire au fil des siècles : enquête autour d'un mythe</marc:subfield>
    </marc:datafield>
    <marc:datafield tag="606" ind1=" " ind2=" ">
      <marc:subfield code="3">FRBNF11945972</marc:subfield>
      <marc:subfield code="a">Vampires</marc:subfield>
      <marc:subfield code="3">FRBNF11996647</marc:subfield>
      <marc:subfield code="x">Dans la littérature</marc:subfield>
      <marc:subfield code="2">rameau</marc:subfield>
    </marc:datafield>
    <marc:datafield tag="606" ind1=" " ind2=" ">
      <marc:subfield code="3">FRBNF11952413</marc:subfield>
      <marc:subfield code="a">Littérature fantastique</marc:subfield>
      <marc:subfield code="2">rameau</marc:subfield>
    </marc:datafield>
    <marc:datafield tag="608" ind1=" " ind2=" ">
      <marc:subfield code="3">FRBNF11933610</marc:subfield>
      <marc:subfield code="a">Thèses et écrits académiques</marc:subfield>
      <marc:subfield code="2">rameau</marc:subfield>
    </marc:datafield>
    <marc:datafield tag="810" ind1=" " ind2=" ">
      <marc:subfield code="a">Valls de Gomis, Estelle (1973-...), Le vampire au fil des siècles : docimasie d'un mythe. – 2003. – [Texte noté : sans mediation]</marc:subfield>
    </marc:datafield>
  </marc:record>