
  <marc:record>
    <marc:leader>01613cx  a2200289   4500</marc:leader>
    <marc:controlfield tag="001">UMLRM0142</marc:controlfield>
    <marc:controlfield tag="005">20220725.......D</marc:controlfield>
    <marc:datafield tag="100" ind1=" " ind2=" ">
      <marc:subfield code="a">20060705afrey50      ba0</marc:subfield>
    </marc:datafield>
    <marc:datafield tag="102" ind1=" " ind2=" ">
      <marc:subfield code="a">FR</marc:subfield>
    </marc:datafield>
    <marc:datafield tag="104" ind1=" " ind2=" ">
      <marc:subfield code="a">d2001     </marc:subfield>
    </marc:datafield>
    <marc:datafield tag="125" ind1="0" ind2=" ">
      <marc:subfield code="a">m</marc:subfield>
    </marc:datafield>
    <marc:datafield tag="140" ind1=" " ind2=" ">
      <marc:subfield code="a">da</marc:subfield>
      <marc:subfield code="b">bt </marc:subfield>
      <marc:subfield code="2">IAML-Formes</marc:subfield>
    </marc:datafield>
    <marc:datafield tag="145" ind1="0" ind2=" ">
      <marc:subfield code="a">c</marc:subfield>
    </marc:datafield>
    <marc:datafield tag="152" ind1=" " ind2=" ">
      <marc:subfield code="a">RDA-FR</marc:subfield>
    </marc:datafield>
    <marc:datafield tag="154" ind1=" " ind2=" ">
      <marc:subfield code="a">xa</marc:subfield>
    </marc:datafield>
    <marc:datafield tag="241" ind1=" " ind2="1">
      <marc:subfield code="3">FRBNF121506653</marc:subfield>
      <marc:subfield code="7">ba0yba0y</marc:subfield>
      <marc:subfield code="8">frefre</marc:subfield>
      <marc:subfield code="o">ISNI 0000 0000 3153 2932</marc:subfield>
      <marc:subfield code="a">Gallotta, Jean-Claude (1950-....)</marc:subfield>
      <marc:subfield code="t">Nosferatu</marc:subfield>
    </marc:datafield>
    <marc:datafield tag="370" ind1=" " ind2=" ">
      <marc:subfield code="c">Créé par le ballet de l'Opéra de Paris</marc:subfield>
    </marc:datafield>
    <marc:datafield tag="501" ind1=" " ind2="1">
      <marc:subfield code="3">FRBNF121506653</marc:subfield>
      <marc:subfield code="7">ba0yba0y</marc:subfield>
      <marc:subfield code="8">frefre</marc:subfield>
      <marc:subfield code="o">ISNI 0000 0000 3153 2932</marc:subfield>
      <marc:subfield code="a">Gallotta</marc:subfield>
      <marc:subfield code="b">Jean-Claude</marc:subfield>
      <marc:subfield code="f">1950-....</marc:subfield>
      <marc:subfield code="4">200</marc:subfield>
    </marc:datafield>
    <marc:datafield tag="541" ind1=" " ind2="1">
      <marc:subfield code="5">x|r</marc:subfield>
      <marc:subfield code="p">Utilise la musique [œuvre]</marc:subfield>
      <marc:subfield code="3">UMLRM0143</marc:subfield>
      <marc:subfield code="7">ba0yba0y</marc:subfield>
      <marc:subfield code="8">frelat</marc:subfield>
      <marc:subfield code="a">Dusapin,Pascal (1955-....)</marc:subfield>
      <marc:subfield code="t">Extenso</marc:subfield>
    </marc:datafield>
    <marc:datafield tag="541" ind1=" " ind2="1">
      <marc:subfield code="5">x|r</marc:subfield>
      <marc:subfield code="p">Utilise la musique [œuvre]</marc:subfield>
      <marc:subfield code="3">UMLRM0145</marc:subfield>
      <marc:subfield code="7">ba0yba0y</marc:subfield>
      <marc:subfield code="8">fre###</marc:subfield>
      <marc:subfield code="a">Dusapin,Pascal (1955-....)</marc:subfield>
      <marc:subfield code="t">Watt</marc:subfield>
    </marc:datafield>
    <marc:datafield tag="541" ind1=" " ind2="1">
      <marc:subfield code="5">x|r</marc:subfield>
      <marc:subfield code="p">Utilise la musique [œuvre]</marc:subfield>
      <marc:subfield code="3">UMLRM0146</marc:subfield>
      <marc:subfield code="7">ba0yba0y</marc:subfield>
      <marc:subfield code="8">fre###t</marc:subfield>
      <marc:subfield code="a">Dusapin,Pascal (1955-....)</marc:subfield>
      <marc:subfield code="t">Celo</marc:subfield>
    </marc:datafield>
    <marc:datafield tag="541" ind1=" " ind2="1">
      <marc:subfield code="5">x|r</marc:subfield>
      <marc:subfield code="p">Utilise la musique [œuvre]</marc:subfield>
      <marc:subfield code="3">UMLRM0144</marc:subfield>
      <marc:subfield code="7">ba0yba0y</marc:subfield>
      <marc:subfield code="8">frelat</marc:subfield>
      <marc:subfield code="a">Dusapin,Pascal (1955-....)</marc:subfield>
      <marc:subfield code="t">Apex</marc:subfield>
    </marc:datafield>
    <marc:datafield tag="608" ind1=" " ind2=" ">
      <marc:subfield code="3">FRBNF11934698</marc:subfield>
      <marc:subfield code="a">Ballet</marc:subfield>
      <marc:subfield code="2">rameauGenre</marc:subfield>
    </marc:datafield>
    <marc:datafield tag="640" ind1="6" ind2=" ">
      <marc:subfield code="0">Première représentation (création)</marc:subfield>
      <marc:subfield code="p">FR</marc:subfield>
      <marc:subfield code="d">Paris</marc:subfield>
      <marc:subfield code="e">Opéra Bastille</marc:subfield>
      <marc:subfield code="f">#20010502#</marc:subfield>
    </marc:datafield>
    <marc:datafield tag="801" ind1=" " ind2="0">
      <marc:subfield code="a">FR</marc:subfield>
      <marc:subfield code="b">FR-751131015</marc:subfield>
      <marc:subfield code="c">20220725</marc:subfield>
    </marc:datafield>
    <marc:datafield tag="810" ind1=" " ind2=" ">
      <marc:subfield code="a">Mémopéra : http://www.memopera.fr (2013-03-15)</marc:subfield>
    </marc:datafield>
    <marc:datafield tag="810" ind1=" " ind2=" ">
      <marc:subfield code="a">Jean-Claude Gallotta, Nosferatu, ballet de l'Opéra: [chorégraphie de Jean-Claude Gallotta, musiques de Pascal Dusapin] : [programme, 6 mai 2006, Opéra national de Paris, Opéra Bastille] / Opéra national de Paris. – Paris : Opéra national de Paris, copyright 2005. – [Texte noté. Image fixe : sans médiation]</marc:subfield>
    </marc:datafield>
  </marc:record>