
  <marc:record>
    <marc:leader>01828cx  a2200337   4500</marc:leader>
    <marc:controlfield tag="001">UMLRM0144</marc:controlfield>
    <marc:controlfield tag="005">20220725.......D</marc:controlfield>
    <marc:datafield tag="100" ind1=" " ind2=" ">
      <marc:subfield code="a">19980911afrey50      ba0</marc:subfield>
    </marc:datafield>
    <marc:datafield tag="102" ind1=" " ind2=" ">
      <marc:subfield code="a">FR</marc:subfield>
    </marc:datafield>
    <marc:datafield tag="104" ind1=" " ind2=" ">
      <marc:subfield code="a">d1995     </marc:subfield>
    </marc:datafield>
    <marc:datafield tag="127" ind1="0" ind2=" ">
      <marc:subfield code="a">001600</marc:subfield>
    </marc:datafield>
    <marc:datafield tag="128" ind1=" " ind2=" ">
      <marc:subfield code="a">zz </marc:subfield>
    </marc:datafield>
    <marc:datafield tag="140" ind1=" " ind2=" ">
      <marc:subfield code="a">mu</marc:subfield>
    </marc:datafield>
    <marc:datafield tag="145" ind1="0" ind2=" ">
      <marc:subfield code="a">d</marc:subfield>
    </marc:datafield>
    <marc:datafield tag="146" ind1="0" ind2=" ">
      <marc:subfield code="a">b</marc:subfield>
      <marc:subfield code="d">01ofu    </marc:subfield>
    </marc:datafield>
    <marc:datafield tag="152" ind1=" " ind2=" ">
      <marc:subfield code="a">RDA-FR</marc:subfield>
    </marc:datafield>
    <marc:datafield tag="154" ind1=" " ind2=" ">
      <marc:subfield code="a">xa</marc:subfield>
    </marc:datafield>
    <marc:datafield tag="241" ind1=" " ind2="1">
      <marc:subfield code="3">FRBNF13893539</marc:subfield>
      <marc:subfield code="o">ISNI 0000 0001 2103 9893</marc:subfield>
      <marc:subfield code="a">Dusapin, Pascal (1955-....)</marc:subfield>
      <marc:subfield code="t">Apex</marc:subfield>
      <marc:subfield code="7">ba0yba0y</marc:subfield>
      <marc:subfield code="8">frelat</marc:subfield>
    </marc:datafield>
    <marc:datafield tag="370" ind1=" " ind2=" ">
      <marc:subfield code="c">Commande de l'Orchestre national de Lyon</marc:subfield>
      <marc:subfield code="c">Dates de composition : "Paris 14 mai 1995, corrections août 2010"</marc:subfield>
      <marc:subfield code="c">Création par l'Orchestre national de Lyon sous la direction d'Emmanuel Krivine le 11 janvier 1996</marc:subfield>
    </marc:datafield>
    <marc:datafield tag="441" ind1=" " ind2="1">
      <marc:subfield code="3">FRBNF13893539</marc:subfield>
      <marc:subfield code="a">Dusapin, Pascal (1955-....)</marc:subfield>
      <marc:subfield code="t">Solo</marc:subfield>
      <marc:subfield code="r">Orchestre</marc:subfield>
      <marc:subfield code="s">No 3</marc:subfield>
      <marc:subfield code="7">ba0yba0y</marc:subfield>
      <marc:subfield code="8">frefre</marc:subfield>
    </marc:datafield>
    <marc:datafield tag="441" ind1=" " ind2="0">
      <marc:subfield code="3">FRBNF13893539</marc:subfield>
      <marc:subfield code="a">Dusapin, Pascal (1955-....)</marc:subfield>
      <marc:subfield code="t">Solo n° 3 pour orchestre</marc:subfield>
      <marc:subfield code="7">ba0yba0y</marc:subfield>
      <marc:subfield code="8">frefre</marc:subfield>
    </marc:datafield>
    <marc:datafield tag="501" ind1=" " ind2="1">
      <marc:subfield code="3">FRBNF13893539</marc:subfield>
      <marc:subfield code="o">ISNI 0000 0001 2103 9893</marc:subfield>
      <marc:subfield code="a">Dusapin</marc:subfield>
      <marc:subfield code="b">Pascal</marc:subfield>
      <marc:subfield code="f">1955-....</marc:subfield>
      <marc:subfield code="4">230</marc:subfield>
    </marc:datafield>
    <marc:datafield tag="541" ind1=" " ind2="1">
      <marc:subfield code="5">x|d</marc:subfield>
      <marc:subfield code="a">Dusapin, Pascal (1955-....)</marc:subfield>
      <marc:subfield code="t">7 solos pour orchestre</marc:subfield>
      <marc:subfield code="7">ba0yba0y</marc:subfield>
      <marc:subfield code="8">frefre</marc:subfield>
    </marc:datafield>
    <marc:datafield tag="541" ind1=" " ind2="1">
      <marc:subfield code="5">x|r</marc:subfield>
      <marc:subfield code="p">Musique utilisée dans [œuvre]</marc:subfield>
      <marc:subfield code="3">UMLRM0142</marc:subfield>
      <marc:subfield code="7">ba0yba0y</marc:subfield>
      <marc:subfield code="8">frefre</marc:subfield>
      <marc:subfield code="a">Gallotta, Jean-Claude (1950-....)</marc:subfield>
      <marc:subfield code="t">Nosferatu</marc:subfield>
    </marc:datafield>
    <marc:datafield tag="608" ind1=" " ind2=" ">
      <marc:subfield code="3">FRBNF11981010</marc:subfield>
      <marc:subfield code="a">Orchestre, Musique d'</marc:subfield>
      <marc:subfield code="3">FRBNF11975995</marc:subfield>
      <marc:subfield code="z">20e siècle</marc:subfield>
      <marc:subfield code="2">rameauGenre</marc:subfield>
    </marc:datafield>
    <marc:datafield tag="640" ind1="5" ind2=" ">
      <marc:subfield code="0">Date d’achèvement</marc:subfield>
      <marc:subfield code="f">#19950514#</marc:subfield>
    </marc:datafield>
    <marc:datafield tag="640" ind1="6" ind2=" ">
      <marc:subfield code="0">Première représentation (création)</marc:subfield>
      <marc:subfield code="p">FR</marc:subfield>
      <marc:subfield code="d">Lyon</marc:subfield>
      <marc:subfield code="e">Auditorium Maurice Ravel</marc:subfield>
      <marc:subfield code="f">#19960111#</marc:subfield>
    </marc:datafield>
    <marc:datafield tag="801" ind1=" " ind2=" ">
      <marc:subfield code="a">FR</marc:subfield>
      <marc:subfield code="b">FR-751131015</marc:subfield>
      <marc:subfield code="c">20220725</marc:subfield>
    </marc:datafield>
    <marc:datafield tag="810" ind1=" " ind2=" ">
      <marc:subfield code="a"> IRCAM : http://brahms.ircam.fr/works/work/14024 (2010-08-19)</marc:subfield>
    </marc:datafield>
    <marc:datafield tag="810" ind1=" " ind2=" ">
      <marc:subfield code="a"> Oxford music online : http://www.oxfordmusiconline.com (2010-08-19)</marc:subfield>
    </marc:datafield>
    <marc:datafield tag="810" ind1=" " ind2=" ">
      <marc:subfield code="a">7 solos pour orchestre / Pascal Dusapin ; Orchestre philharmonique de Liège Wallonie Bruxelles ; Pascal Rophé. – [France] : Naïve, P 2010. – [Musique exécutée : audio]. – Naïve MO 782180</marc:subfield>
    </marc:datafield>
  </marc:record>