
  <marc:record>
    <marc:leader>01865cx  a2200313   4500</marc:leader>
    <marc:controlfield tag="001">UMLRM0146</marc:controlfield>
    <marc:controlfield tag="005">20220725.......D</marc:controlfield>
    <marc:datafield tag="100" ind1=" " ind2=" ">
      <marc:subfield code="a">20100819afrey50      ba0</marc:subfield>
    </marc:datafield>
    <marc:datafield tag="102" ind1=" " ind2=" ">
      <marc:subfield code="a">FR</marc:subfield>
    </marc:datafield>
    <marc:datafield tag="104" ind1=" " ind2=" ">
      <marc:subfield code="a">d1996     </marc:subfield>
    </marc:datafield>
    <marc:datafield tag="127" ind1="0" ind2=" ">
      <marc:subfield code="a">002000</marc:subfield>
    </marc:datafield>
    <marc:datafield tag="128" ind1=" " ind2=" ">
      <marc:subfield code="a">co </marc:subfield>
    </marc:datafield>
    <marc:datafield tag="140" ind1=" " ind2=" ">
      <marc:subfield code="a">mu</marc:subfield>
    </marc:datafield>
    <marc:datafield tag="145" ind1="0" ind2=" ">
      <marc:subfield code="a">d</marc:subfield>
    </marc:datafield>
    <marc:datafield tag="146" ind1="0" ind2=" ">
      <marc:subfield code="a">b</marc:subfield>
      <marc:subfield code="b">01svc    </marc:subfield>
      <marc:subfield code="d">01ofu    </marc:subfield>
    </marc:datafield>
    <marc:datafield tag="152" ind1=" " ind2=" ">
      <marc:subfield code="a">RDA-FR</marc:subfield>
    </marc:datafield>
    <marc:datafield tag="154" ind1=" " ind2=" ">
      <marc:subfield code="a">xa</marc:subfield>
    </marc:datafield>
    <marc:datafield tag="241" ind1=" " ind2="1">
      <marc:subfield code="3">FRBNF13893539</marc:subfield>
      <marc:subfield code="o">ISNI 0000 0001 2103 9893</marc:subfield>
      <marc:subfield code="a">Dusapin, Pascal (1955-....)</marc:subfield>
      <marc:subfield code="t">Celo</marc:subfield>
      <marc:subfield code="7">ba0yba0y</marc:subfield>
      <marc:subfield code="8">fre###</marc:subfield>
    </marc:datafield>
    <marc:datafield tag="370" ind1=" " ind2=" ">
      <marc:subfield code="c">Commande du festival Aspects des musiques d'aujourd'hui</marc:subfield>
      <marc:subfield code="c">Date de composition : "Paris, 25 septembre 1996"</marc:subfield>
      <marc:subfield code="c">Dédicace à Sonia Wieder-Atherton</marc:subfield>
      <marc:subfield code="c">Création par Sonia Wieder-Atherton (violoncelle) et l'Orchestre de Caen sous la direction d'Olivier Cuendet le 18 mars 1997</marc:subfield>
    </marc:datafield>
    <marc:datafield tag="501" ind1=" " ind2="1">
      <marc:subfield code="3">FRBNF13893539</marc:subfield>
      <marc:subfield code="o">ISNI 0000 0001 2103 9893</marc:subfield>
      <marc:subfield code="a">Dusapin</marc:subfield>
      <marc:subfield code="b">Pascal</marc:subfield>
      <marc:subfield code="f">1955-....</marc:subfield>
      <marc:subfield code="4">230</marc:subfield>
    </marc:datafield>
    <marc:datafield tag="501" ind1=" " ind2="1">
      <marc:subfield code="3">FRBNF14028141</marc:subfield>
      <marc:subfield code="o">ISNI 0000 0000 8082 4368</marc:subfield>
      <marc:subfield code="a">Wieder-Atherton</marc:subfield>
      <marc:subfield code="b">Sonia</marc:subfield>
      <marc:subfield code="f">1961-....</marc:subfield>
      <marc:subfield code="4">280</marc:subfield>
    </marc:datafield>
    <marc:datafield tag="541" ind1=" " ind2="1">
      <marc:subfield code="5">x|r</marc:subfield>
      <marc:subfield code="p">Musique utilisée dans [œuvre]</marc:subfield>
      <marc:subfield code="3">UMLRM0142</marc:subfield>
      <marc:subfield code="7">ba0yba0y</marc:subfield>
      <marc:subfield code="8">frefre</marc:subfield>
      <marc:subfield code="a">Gallotta, Jean-Claude (1950-....)</marc:subfield>
      <marc:subfield code="t">Nosferatu</marc:subfield>
    </marc:datafield>
    <marc:datafield tag="608" ind1=" " ind2=" ">
      <marc:subfield code="3">FRBNF12310801</marc:subfield>
      <marc:subfield code="a">Concertos (violoncelle)</marc:subfield>
      <marc:subfield code="3">FRBNF11975995</marc:subfield>
      <marc:subfield code="z">20e siècle</marc:subfield>
      <marc:subfield code="2">rameauGenre</marc:subfield>
    </marc:datafield>
    <marc:datafield tag="640" ind1="5" ind2=" ">
      <marc:subfield code="0">Date d’achèvement</marc:subfield>
      <marc:subfield code="f">#19960925#</marc:subfield>
    </marc:datafield>
    <marc:datafield tag="640" ind1="6" ind2=" ">
      <marc:subfield code="0">Première représentation (création)</marc:subfield>
      <marc:subfield code="p">FR</marc:subfield>
      <marc:subfield code="d">Caen</marc:subfield>
      <marc:subfield code="e">Grand Auditorium</marc:subfield>
      <marc:subfield code="f">#19970318#</marc:subfield>
      <marc:subfield code="h">Festival Aspects des musiques d'aujourd'hui</marc:subfield>
    </marc:datafield>
    <marc:datafield tag="801" ind1=" " ind2=" ">
      <marc:subfield code="a">FR</marc:subfield>
      <marc:subfield code="b">FR-751131015</marc:subfield>
      <marc:subfield code="c">20220725</marc:subfield>
    </marc:datafield>
    <marc:datafield tag="810" ind1=" " ind2=" ">
      <marc:subfield code="a"> IRCAM : http://brahms.ircam.fr/works/work/14024 (2010-08-19)</marc:subfield>
    </marc:datafield>
    <marc:datafield tag="810" ind1=" " ind2=" ">
      <marc:subfield code="a"> Oxford music online : http://www.oxfordmusiconline.com (2010-08-19)</marc:subfield>
    </marc:datafield>
    <marc:datafield tag="810" ind1=" " ind2=" ">
      <marc:subfield code="a">Concerto[s] / Pascal Dusapin. ; Alain Trudel, trombone ; Juliette Hurel, flûte ; Sonia Wieder-Atherton, violoncelle ; Orchestre national de Montpellier, Orchestre de Paris ; Pascal Rophé, Christophe Eschenbach, direction d’orchestre. – [France] : Naïve, [DL 2010]. – [Musique exécutée : audio]. – Naïve MO782181</marc:subfield>
    </marc:datafield>
  </marc:record>