
  <marc:record>
    <marc:leader>02168cx  a2200349   4500</marc:leader>
    <marc:controlfield tag="001">UMLRM0147</marc:controlfield>
    <marc:controlfield tag="005">20220712.......D</marc:controlfield>
    <marc:datafield tag="033" ind1=" " ind2=" ">
      <marc:subfield code="a">https://data.bnf.fr/15078987/jean-claude_gallotta_nosferatu/</marc:subfield>
    </marc:datafield>
    <marc:datafield tag="100" ind1=" " ind2=" ">
      <marc:subfield code="a">20050513afrey50      ba0</marc:subfield>
    </marc:datafield>
    <marc:datafield tag="102" ind1=" " ind2=" ">
      <marc:subfield code="a">FR</marc:subfield>
    </marc:datafield>
    <marc:datafield tag="104" ind1=" " ind2=" ">
      <marc:subfield code="a">d2001    </marc:subfield>
    </marc:datafield>
    <marc:datafield tag="125" ind1="0" ind2=" ">
      <marc:subfield code="a">m</marc:subfield>
    </marc:datafield>
    <marc:datafield tag="140" ind1=" " ind2=" ">
      <marc:subfield code="a">pe</marc:subfield>
      <marc:subfield code="b">bt </marc:subfield>
      <marc:subfield code="2">IAML-Formes</marc:subfield>
    </marc:datafield>
    <marc:datafield tag="145" ind1="0" ind2=" ">
      <marc:subfield code="a">c</marc:subfield>
    </marc:datafield>
    <marc:datafield tag="145" ind1="0" ind2=" ">
      <marc:subfield code="a">d</marc:subfield>
    </marc:datafield>
    <marc:datafield tag="152" ind1=" " ind2=" ">
      <marc:subfield code="a">RDA-FR</marc:subfield>
    </marc:datafield>
    <marc:datafield tag="154" ind1=" " ind2=" ">
      <marc:subfield code="a">xa</marc:subfield>
    </marc:datafield>
    <marc:datafield tag="231" ind1=" " ind2=" ">
      <marc:subfield code="a">Nosferatu</marc:subfield>
      <marc:subfield code="c">spectacle</marc:subfield>
      <marc:subfield code="d">2001</marc:subfield>
      <marc:subfield code="e">Paris ; Opéra Bastille</marc:subfield>
      <marc:subfield code="7">ba0yba0y</marc:subfield>
      <marc:subfield code="8">frefre</marc:subfield>
    </marc:datafield>
    <marc:datafield tag="370" ind1=" " ind2=" ">
      <marc:subfield code="c">Première représentation (création mondiale) : Paris (France) : Opéra national de Paris-Bastille, 2001-05-02. Reprise pour 5 représentations du 6 au 13 mai 2006 à l’Opéra Bastille.</marc:subfield>
    </marc:datafield>
    <marc:datafield tag="501" ind1=" " ind2="1">
      <marc:subfield code="3">FRBNF12150665</marc:subfield>
      <marc:subfield code="7">ba0yba0y</marc:subfield>
      <marc:subfield code="8">frefre</marc:subfield>
      <marc:subfield code="o">ISNI 0000 0000 3153 2932</marc:subfield>
      <marc:subfield code="a">Gallotta</marc:subfield>
      <marc:subfield code="b">Jean-Claude</marc:subfield>
      <marc:subfield code="f">1950-....</marc:subfield>
      <marc:subfield code="4">200</marc:subfield>
    </marc:datafield>
    <marc:datafield tag="501" ind1=" " ind2="1">
      <marc:subfield code="3">FRBNF13893539</marc:subfield>
      <marc:subfield code="7">ba0yba0y</marc:subfield>
      <marc:subfield code="8">frefre</marc:subfield>
      <marc:subfield code="o">ISNI 0000 0001 2103 9893</marc:subfield>
      <marc:subfield code="a">Dusapin</marc:subfield>
      <marc:subfield code="b">Pascal</marc:subfield>
      <marc:subfield code="f">1955-....</marc:subfield>
      <marc:subfield code="4">230</marc:subfield>
    </marc:datafield>
    <marc:datafield tag="501" ind1=" " ind2="1">
      <marc:subfield code="3">FRBNF14654751</marc:subfield>
      <marc:subfield code="7">ba0yba0y</marc:subfield>
      <marc:subfield code="8">frefre</marc:subfield>
      <marc:subfield code="o">ISNI 0000 0003 6454 4704</marc:subfield>
      <marc:subfield code="a">Jeanneteau</marc:subfield>
      <marc:subfield code="b">Daniel</marc:subfield>
      <marc:subfield code="f">1963-....</marc:subfield>
      <marc:subfield code="4">632</marc:subfield>
    </marc:datafield>
    <marc:datafield tag="501" ind1=" " ind2="1">
      <marc:subfield code="3">FRBNF14676342</marc:subfield>
      <marc:subfield code="7">ba0yba0y</marc:subfield>
      <marc:subfield code="8">frefre</marc:subfield>
      <marc:subfield code="a">Deratte</marc:subfield>
      <marc:subfield code="b">Laure</marc:subfield>
      <marc:subfield code="f">19..-....</marc:subfield>
      <marc:subfield code="4">632</marc:subfield>
    </marc:datafield>
    <marc:datafield tag="501" ind1=" " ind2="1">
      <marc:subfield code="3">FRBNF14671708</marc:subfield>
      <marc:subfield code="7">ba0yba0y</marc:subfield>
      <marc:subfield code="8">frefre</marc:subfield>
      <marc:subfield code="o">ISNI 0000 0003 7503 2421</marc:subfield>
      <marc:subfield code="a">Bériot</marc:subfield>
      <marc:subfield code="b">Olivier</marc:subfield>
      <marc:subfield code="f">1963-....</marc:subfield>
      <marc:subfield code="4">633</marc:subfield>
    </marc:datafield>
    <marc:datafield tag="501" ind1=" " ind2="1">
      <marc:subfield code="3">FRBNF14654720</marc:subfield>
      <marc:subfield code="7">ba0yba0y</marc:subfield>
      <marc:subfield code="8">frefre</marc:subfield>
      <marc:subfield code="o">ISNI 0000 0000 0131 6489</marc:subfield>
      <marc:subfield code="a">Bruguière</marc:subfield>
      <marc:subfield code="b">Dominique</marc:subfield>
      <marc:subfield code="f">1950-....</marc:subfield>
      <marc:subfield code="4">633</marc:subfield>
    </marc:datafield>
    <marc:datafield tag="511" ind1="0" ind2="2">
      <marc:subfield code="3">FRBNF11865646</marc:subfield>
      <marc:subfield code="7">ba0yba0y</marc:subfield>
      <marc:subfield code="8">frefre</marc:subfield>
      <marc:subfield code="o">ISNI 0000 0001 2322 4603</marc:subfield>
      <marc:subfield code="a">Opéra national de Paris</marc:subfield>
      <marc:subfield code="4">630</marc:subfield>
    </marc:datafield>
    <marc:datafield tag="541" ind1=" " ind2="1">
      <marc:subfield code="5">xxr</marc:subfield>
      <marc:subfield code="p">Utilise les décors</marc:subfield>
      <marc:subfield code="3">UMLRM0138</marc:subfield>
      <marc:subfield code="7">ba0yba0y</marc:subfield>
      <marc:subfield code="8">frefre</marc:subfield>
      <marc:subfield code="a">Jeanneteau, Daniel (1963-....)</marc:subfield>
      <marc:subfield code="a">Deratte, Laure (19..-....)</marc:subfield>
      <marc:subfield code="t">[Maquette de décor en volume pour "Nosferatu"]</marc:subfield>
    </marc:datafield>
    <marc:datafield tag="608" ind1=" " ind2=" ">
      <marc:subfield code="3">FRBNF11934698</marc:subfield>
      <marc:subfield code="a">Ballet</marc:subfield>
      <marc:subfield code="2">rameauGenre</marc:subfield>
    </marc:datafield>
    <marc:datafield tag="640" ind1="6" ind2=" ">
      <marc:subfield code="0">Première représentation (création)</marc:subfield>
      <marc:subfield code="p">FR</marc:subfield>
      <marc:subfield code="d">Paris</marc:subfield>
      <marc:subfield code="e">Opéra Bastille</marc:subfield>
      <marc:subfield code="f">#20010502#</marc:subfield>
    </marc:datafield>
    <marc:datafield tag="801" ind1=" " ind2="0">
      <marc:subfield code="a">FR</marc:subfield>
      <marc:subfield code="b">FR-751131015</marc:subfield>
      <marc:subfield code="c">20220920</marc:subfield>
    </marc:datafield>
    <marc:datafield tag="810" ind1=" " ind2=" ">
      <marc:subfield code="a">Mémopéra : http://www.memopera.fr(2013-03-15)</marc:subfield>
    </marc:datafield>
    <marc:datafield tag="810" ind1=" " ind2=" ">
      <marc:subfield code="a"> Jean-Claude Gallotta, Nosferatu, ballet de l'Opéra: [chorégraphie de Jean-Claude Gallotta, musiques de Pascal Dusapin] : [programme, 6 mai 2006, Opéra national de Paris, Opéra Bastille] / Opéra national de Paris. – Paris : Opéra national de Paris, copyright 2005. – [Texte noté. Image fixe : sans médiation]</marc:subfield>
    </marc:datafield>
  </marc:record>