
  <marc:record>
    <marc:leader>01395cx  a2200241   4500</marc:leader>
    <marc:controlfield tag="001">UMLRM0148</marc:controlfield>
    <marc:controlfield tag="005">20220712.......D</marc:controlfield>
    <marc:datafield tag="100" ind1=" " ind2=" ">
      <marc:subfield code="a">20050513afrey50      ba0</marc:subfield>
    </marc:datafield>
    <marc:datafield tag="102" ind1=" " ind2=" ">
      <marc:subfield code="a">FR</marc:subfield>
    </marc:datafield>
    <marc:datafield tag="104" ind1=" " ind2=" ">
      <marc:subfield code="a">d2001    </marc:subfield>
    </marc:datafield>
    <marc:datafield tag="145" ind1="0" ind2=" ">
      <marc:subfield code="a">c</marc:subfield>
      <marc:subfield code="b">bxxae</marc:subfield>
    </marc:datafield>
    <marc:datafield tag="145" ind1="0" ind2=" ">
      <marc:subfield code="a">d</marc:subfield>
      <marc:subfield code="b">bxxae</marc:subfield>
    </marc:datafield>
    <marc:datafield tag="152" ind1=" " ind2=" ">
      <marc:subfield code="a">RDA-FR</marc:subfield>
    </marc:datafield>
    <marc:datafield tag="154" ind1=" " ind2=" ">
      <marc:subfield code="a">xb</marc:subfield>
    </marc:datafield>
    <marc:datafield tag="232" ind1=" " ind2=" ">
      <marc:subfield code="3">UMLRM0147</marc:subfield>
      <marc:subfield code="7">ba0yba0y</marc:subfield>
      <marc:subfield code="8">frefre</marc:subfield>
      <marc:subfield code="a">Nosferatu</marc:subfield>
      <marc:subfield code="c">spectacle</marc:subfield>
      <marc:subfield code="d">2001</marc:subfield>
      <marc:subfield code="e">Paris ; Opéra Bastille</marc:subfield>
      <marc:subfield code="l">Réalisation</marc:subfield>
    </marc:datafield>
    <marc:datafield tag="502" ind1=" " ind2="1">
      <marc:subfield code="3">FRBNF15891339</marc:subfield>
      <marc:subfield code="7">ba0yba0y</marc:subfield>
      <marc:subfield code="8">frespa</marc:subfield>
      <marc:subfield code="o">ISNI 0000 0000 7824 6722</marc:subfield>
      <marc:subfield code="a">Martinez</marc:subfield>
      <marc:subfield code="b"> José</marc:subfield>
      <marc:subfield code="f">1969-....</marc:subfield>
      <marc:subfield code="c">danseur</marc:subfield>
      <marc:subfield code="4">275</marc:subfield>
    </marc:datafield>
    <marc:datafield tag="502" ind1=" " ind2="1">
      <marc:subfield code="3">FRBNF13893539</marc:subfield>
      <marc:subfield code="7">ba0yba0y</marc:subfield>
      <marc:subfield code="8">frefre</marc:subfield>
      <marc:subfield code="o">ISNI 0000 0000 6309 2513</marc:subfield>
      <marc:subfield code="a">Kontarsky</marc:subfield>
      <marc:subfield code="b">Bernhard</marc:subfield>
      <marc:subfield code="f">1937-....</marc:subfield>
      <marc:subfield code="4">250</marc:subfield>
    </marc:datafield>
    <marc:datafield tag="512" ind1="0" ind2="2">
      <marc:subfield code="3">FRBNF11945309</marc:subfield>
      <marc:subfield code="7">ba0yba0y</marc:subfield>
      <marc:subfield code="8">frefre</marc:subfield>
      <marc:subfield code="o">ISNI 0000 0001 2375 3986</marc:subfield>
      <marc:subfield code="a">Opéra national de Paris</marc:subfield>
      <marc:subfield code="b">Ballet</marc:subfield>
      <marc:subfield code="4">275</marc:subfield>
    </marc:datafield>
    <marc:datafield tag="512" ind1="0" ind2="2">
      <marc:subfield code="3">FRBNF13905502</marc:subfield>
      <marc:subfield code="7">ba0yba0y</marc:subfield>
      <marc:subfield code="8">frefre</marc:subfield>
      <marc:subfield code="o">ISNI 0000 0001 2323 6161</marc:subfield>
      <marc:subfield code="a">Opéra national de Paris</marc:subfield>
      <marc:subfield code="b">Orchestre</marc:subfield>
      <marc:subfield code="4">545</marc:subfield>
    </marc:datafield>
    <marc:datafield tag="541" ind1=" " ind2="1">
      <marc:subfield code="5">x|r</marc:subfield>
      <marc:subfield code="p">Incorpore [expression/oeuvre]</marc:subfield>
      <marc:subfield code="3">UMLRM0142</marc:subfield>
      <marc:subfield code="7">ba0yba0y</marc:subfield>
      <marc:subfield code="8">frefre</marc:subfield>
      <marc:subfield code="a">Gallotta, Jean-Claude (1950-....)</marc:subfield>
      <marc:subfield code="t">Nosferatu</marc:subfield>
    </marc:datafield>
    <marc:datafield tag="801" ind1=" " ind2="0">
      <marc:subfield code="a">FR</marc:subfield>
      <marc:subfield code="b">FR-751131015</marc:subfield>
      <marc:subfield code="c">20220920</marc:subfield>
    </marc:datafield>
    <marc:datafield tag="810" ind1=" " ind2=" ">
      <marc:subfield code="a">Mémopéra : http://www.memopera.fr(2013-03-15)</marc:subfield>
    </marc:datafield>
    <marc:datafield tag="810" ind1=" " ind2=" ">
      <marc:subfield code="a"> Jean-Claude Gallotta, Nosferatu, ballet de l'Opéra: [chorégraphie de Jean-Claude Gallotta, musiques de Pascal Dusapin] : [programme, 6 mai 2006, Opéra national de Paris, Opéra Bastille] / Opéra national de Paris. – Paris : Opéra national de Paris, copyright 2005. – [Texte noté. Image fixe : sans médiation]</marc:subfield>
    </marc:datafield>
  </marc:record>