
  <marc:record>
    <marc:leader>01314nx  a2200277   4500</marc:leader>
    <marc:controlfield tag="001">UMLRM0149</marc:controlfield>
    <marc:datafield tag="100" ind1=" " ind2=" ">
      <marc:subfield code="a">20221116afrey50      ba0</marc:subfield>
    </marc:datafield>
    <marc:datafield tag="101" ind1="0" ind2=" ">
      <marc:subfield code="a">fre</marc:subfield>
    </marc:datafield>
    <marc:datafield tag="102" ind1=" " ind2=" ">
      <marc:subfield code="a">FR</marc:subfield>
    </marc:datafield>
    <marc:datafield tag="104" ind1=" " ind2=" ">
      <marc:subfield code="a">d2020     </marc:subfield>
    </marc:datafield>
    <marc:datafield tag="125" ind1="0" ind2="0">
      <marc:subfield code="a">m </marc:subfield>
    </marc:datafield>
    <marc:datafield tag="140" ind1=" " ind2=" ">
      <marc:subfield code="a">te</marc:subfield>
      <marc:subfield code="b">dicti</marc:subfield>
      <marc:subfield code="2">BnF-FonctTexMix</marc:subfield>
    </marc:datafield>
    <marc:datafield tag="140" ind1=" " ind2=" ">
      <marc:subfield code="a">te</marc:subfield>
      <marc:subfield code="b">e</marc:subfield>
      <marc:subfield code="2">UM/M105pos4-7 </marc:subfield>
    </marc:datafield>
    <marc:datafield tag="145" ind1="0" ind2=" ">
      <marc:subfield code="a">i</marc:subfield>
    </marc:datafield>
    <marc:datafield tag="152" ind1=" " ind2=" ">
      <marc:subfield code="a">RDA-FR</marc:subfield>
    </marc:datafield>
    <marc:datafield tag="154" ind1=" " ind2=" ">
      <marc:subfield code="a">xa</marc:subfield>
    </marc:datafield>
    <marc:datafield tag="241" ind1=" " ind2="1">
      <marc:subfield code="3">FRBNF11902797</marc:subfield>
      <marc:subfield code="o">ISNI 0000 0001 2023 6609</marc:subfield>
      <marc:subfield code="a">Finné, Jacques (1944-….)</marc:subfield>
      <marc:subfield code="3">FRBNF11914577</marc:subfield>
      <marc:subfield code="o">ISNI 0000 0000 8357 1052</marc:subfield>
      <marc:subfield code="a">Marigny, Jean (1939-....)</marc:subfield>
      <marc:subfield code="t">Dictionnaire des littératures vampiriques</marc:subfield>
      <marc:subfield code="7">ba0yba0y</marc:subfield>
      <marc:subfield code="8">frefre</marc:subfield>
    </marc:datafield>
    <marc:datafield tag="370" ind1=" " ind2=" ">
      <marc:subfield code="a">Bibliographie (5 pages)</marc:subfield>
    </marc:datafield>
    <marc:datafield tag="501" ind1=" " ind2="1">
      <marc:subfield code="3">FRBNF11902797</marc:subfield>
      <marc:subfield code="7">ba0yba0y</marc:subfield>
      <marc:subfield code="8">frefre</marc:subfield>
      <marc:subfield code="o">ISNI 0000 0001 2023 6609</marc:subfield>
      <marc:subfield code="a">Finné</marc:subfield>
      <marc:subfield code="f">1944-….</marc:subfield>
      <marc:subfield code="4">070</marc:subfield>
    </marc:datafield>
    <marc:datafield tag="501" ind1=" " ind2="1">
      <marc:subfield code="3">FRBNF11914577</marc:subfield>
      <marc:subfield code="7">ba0yba0y</marc:subfield>
      <marc:subfield code="8">frefre</marc:subfield>
      <marc:subfield code="o">ISNI 0000 0000 8357 1052</marc:subfield>
      <marc:subfield code="a">Marigny</marc:subfield>
      <marc:subfield code="b">Jean</marc:subfield>
      <marc:subfield code="f">1939-....</marc:subfield>
      <marc:subfield code="4">070</marc:subfield>
    </marc:datafield>
    <marc:datafield tag="606" ind1=" " ind2=" ">
      <marc:subfield code="3">FRBNF11945972</marc:subfield>
      <marc:subfield code="7">ba0yba0y</marc:subfield>
      <marc:subfield code="8">frefre</marc:subfield>
      <marc:subfield code="a">Vampires</marc:subfield>
      <marc:subfield code="3">FRBNF11996647</marc:subfield>
      <marc:subfield code="a">Dans la littérature</marc:subfield>
      <marc:subfield code="2">rameau</marc:subfield>
    </marc:datafield>
    <marc:datafield tag="608" ind1=" " ind2=" ">
      <marc:subfield code="3">FRBNF11931877</marc:subfield>
      <marc:subfield code="7">ba0yba0y</marc:subfield>
      <marc:subfield code="8">frefre</marc:subfield>
      <marc:subfield code="a">Dictionnaires</marc:subfield>
      <marc:subfield code="2">rameau-Forme</marc:subfield>
    </marc:datafield>
    <marc:datafield tag="640" ind1="6" ind2=" ">
      <marc:subfield code="0">Date de première publication</marc:subfield>
      <marc:subfield code="f">#2020#####</marc:subfield>
    </marc:datafield>
    <marc:datafield tag="676" ind1=" " ind2=" ">
      <marc:subfield code="a">809.933 75</marc:subfield>
      <marc:subfield code="v">23</marc:subfield>
    </marc:datafield>
    <marc:datafield tag="801" ind1=" " ind2="0">
      <marc:subfield code="a">FR</marc:subfield>
      <marc:subfield code="b">FR-751045101</marc:subfield>
      <marc:subfield code="c">20221116</marc:subfield>
    </marc:datafield>
    <marc:datafield tag="810" ind1=" " ind2=" ">
      <marc:subfield code="a">Dictionnaire des littératures vampiriques / Jacques Finné, Jean Marigny ; préface d'Alain Pozzuoli. – Dinan : Terre de brume, 2020. – [Texte noté : sans médiation] . – ISBN 978-2-84362-674-6</marc:subfield>
    </marc:datafield>
  </marc:record>