
  <marc:record>
    <marc:leader>01098nx  a2200253   4500</marc:leader>
    <marc:controlfield tag="001">UMLRM0150</marc:controlfield>
    <marc:datafield tag="100" ind1=" " ind2=" ">
      <marc:subfield code="a">20220927afrey50      ba0</marc:subfield>
    </marc:datafield>
    <marc:datafield tag="101" ind1="0" ind2=" ">
      <marc:subfield code="a">zxx</marc:subfield>
    </marc:datafield>
    <marc:datafield tag="102" ind1=" " ind2=" ">
      <marc:subfield code="a">FR</marc:subfield>
    </marc:datafield>
    <marc:datafield tag="104" ind1=" " ind2=" ">
      <marc:subfield code="a">d1968     </marc:subfield>
    </marc:datafield>
    <marc:datafield tag="125" ind1="0" ind2=" ">
      <marc:subfield code="a">m</marc:subfield>
    </marc:datafield>
    <marc:datafield tag="140" ind1=" " ind2=" ">
      <marc:subfield code="a">is</marc:subfield>
      <marc:subfield code="b">illus</marc:subfield>
      <marc:subfield code="2">BnF-FonctIco</marc:subfield>
    </marc:datafield>
    <marc:datafield tag="145" ind1="0" ind2=" ">
      <marc:subfield code="a">b</marc:subfield>
      <marc:subfield code="b">xb2e  </marc:subfield>
    </marc:datafield>
    <marc:datafield tag="147" ind1="0" ind2=" ">
      <marc:subfield code="a">a</marc:subfield>
    </marc:datafield>
    <marc:datafield tag="152" ind1=" " ind2=" ">
      <marc:subfield code="a">RDA-FR</marc:subfield>
    </marc:datafield>
    <marc:datafield tag="154" ind1=" " ind2=" ">
      <marc:subfield code="a">xa</marc:subfield>
    </marc:datafield>
    <marc:datafield tag="241" ind1=" " ind2="1">
      <marc:subfield code="3">FRBNF119006737</marc:subfield>
      <marc:subfield code="o">ISNI 0000 0001 2125 532</marc:subfield>
      <marc:subfield code="a">Druillet, Philippe (1944-....)</marc:subfield>
      <marc:subfield code="t">[Illustrations pour "Dracula" de Bram Stoker]</marc:subfield>
      <marc:subfield code="7">ba0yba0y</marc:subfield>
      <marc:subfield code="8">frefre</marc:subfield>
    </marc:datafield>
    <marc:datafield tag="370" ind1=" " ind2=" ">
      <marc:subfield code="a">Grande catégorie technique : dessin</marc:subfield>
      <marc:subfield code="a">Genre iconographique : Scènes fantastiques</marc:subfield>
    </marc:datafield>
    <marc:datafield tag="501" ind1=" " ind2="1">
      <marc:subfield code="3">FRBNF11900673</marc:subfield>
      <marc:subfield code="7">ba0yba0y</marc:subfield>
      <marc:subfield code="8">frefre</marc:subfield>
      <marc:subfield code="o">ISNI 0000 0001 2125 5326</marc:subfield>
      <marc:subfield code="a">Druillet</marc:subfield>
      <marc:subfield code="b">Philippe</marc:subfield>
      <marc:subfield code="f">1944-....</marc:subfield>
      <marc:subfield code="4">440</marc:subfield>
    </marc:datafield>
    <marc:datafield tag="541" ind1=" " ind2="1">
      <marc:subfield code="5">xxg</marc:subfield>
      <marc:subfield code="p">Illustre</marc:subfield>
      <marc:subfield code="3">UMLRM0004</marc:subfield>
      <marc:subfield code="7">ba0yba0y</marc:subfield>
      <marc:subfield code="8">freeng</marc:subfield>
      <marc:subfield code="a">Stoker, Bram (1847-1912)</marc:subfield>
      <marc:subfield code="t">Dracula</marc:subfield>
    </marc:datafield>
    <marc:datafield tag="608" ind1=" " ind2=" ">
      <marc:subfield code="3">FRBNF119758323</marc:subfield>
      <marc:subfield code="a">Illustrations</marc:subfield>
      <marc:subfield code="2">rameauForme</marc:subfield>
    </marc:datafield>
    <marc:datafield tag="640" ind1="6" ind2=" ">
      <marc:subfield code="0">Date de première publication</marc:subfield>
      <marc:subfield code="f">#1968#####</marc:subfield>
    </marc:datafield>
    <marc:datafield tag="801" ind1=" " ind2="0">
      <marc:subfield code="a">FR</marc:subfield>
      <marc:subfield code="b">FR-751045101</marc:subfield>
      <marc:subfield code="c">20220927</marc:subfield>
    </marc:datafield>
    <marc:datafield tag="810" ind1=" " ind2=" ">
      <marc:subfield code="a">Dracula / Bram Stoker ; illustrations originales de Philippe Druillet ; introduction de Tony Faivre. - Paris : Éditions Opta, 1968. - [Texte noté. Image fixe : sans</marc:subfield>
    </marc:datafield>
  </marc:record>