
  <marc:record>
    <marc:leader>01264nx  a2200253   4500</marc:leader>
    <marc:controlfield tag="001">UMLRM0152</marc:controlfield>
    <marc:datafield tag="100" ind1=" " ind2=" ">
      <marc:subfield code="a">20221008afrey50      ba0</marc:subfield>
    </marc:datafield>
    <marc:datafield tag="101" ind1="0" ind2=" ">
      <marc:subfield code="a">zxx</marc:subfield>
    </marc:datafield>
    <marc:datafield tag="102" ind1=" " ind2=" ">
      <marc:subfield code="a">FR</marc:subfield>
    </marc:datafield>
    <marc:datafield tag="104" ind1=" " ind2=" ">
      <marc:subfield code="a">d1932     </marc:subfield>
    </marc:datafield>
    <marc:datafield tag="125" ind1="0" ind2=" ">
      <marc:subfield code="a">m</marc:subfield>
    </marc:datafield>
    <marc:datafield tag="140" ind1=" " ind2=" ">
      <marc:subfield code="a">is</marc:subfield>
      <marc:subfield code="b">illus</marc:subfield>
      <marc:subfield code="2">BnF-FonctIco</marc:subfield>
    </marc:datafield>
    <marc:datafield tag="145" ind1="0" ind2=" ">
      <marc:subfield code="a">b</marc:subfield>
      <marc:subfield code="b">xb2e  </marc:subfield>
    </marc:datafield>
    <marc:datafield tag="147" ind1="0" ind2=" ">
      <marc:subfield code="a">a</marc:subfield>
    </marc:datafield>
    <marc:datafield tag="152" ind1=" " ind2=" ">
      <marc:subfield code="a">RDA-FR</marc:subfield>
    </marc:datafield>
    <marc:datafield tag="154" ind1=" " ind2=" ">
      <marc:subfield code="a">xa</marc:subfield>
    </marc:datafield>
    <marc:datafield tag="231" ind1=" " ind2=" ">
      <marc:subfield code="a">[Photographies extraites du film "Dracula" de Tod Browning]</marc:subfield>
      <marc:subfield code="k">Tallandier</marc:subfield>
      <marc:subfield code="d">1932</marc:subfield>
      <marc:subfield code="7">ba0yba0y</marc:subfield>
      <marc:subfield code="8">frefre</marc:subfield>
    </marc:datafield>
    <marc:datafield tag="370" ind1=" " ind2=" ">
      <marc:subfield code="a">Reproduction d’une sélection de photographies du film de Tod Browning pour illustrer diverses scènes du roman de Bram Stoker</marc:subfield>
      <marc:subfield code="a">Grande catégorie technique : impression photomécanique</marc:subfield>
      <marc:subfield code="a">Genre iconographique : Scènes cinématographiques</marc:subfield>
    </marc:datafield>
    <marc:datafield tag="531" ind1=" " ind2=" ">
      <marc:subfield code="5">xxr</marc:subfield>
      <marc:subfield code="p">Est une sélection de [œuvre]</marc:subfield>
      <marc:subfield code="3">UMLRM0154</marc:subfield>
      <marc:subfield code="a">Dracula</marc:subfield>
      <marc:subfield code="c">film</marc:subfield>
      <marc:subfield code="d">1931</marc:subfield>
    </marc:datafield>
    <marc:datafield tag="541" ind1=" " ind2="1">
      <marc:subfield code="5">xxg</marc:subfield>
      <marc:subfield code="p">Illustre</marc:subfield>
      <marc:subfield code="3">UMLRM0004</marc:subfield>
      <marc:subfield code="7">ba0yba0y</marc:subfield>
      <marc:subfield code="8">freeng</marc:subfield>
      <marc:subfield code="a">Stoker</marc:subfield>
      <marc:subfield code="b">Bram (1847-1912)</marc:subfield>
      <marc:subfield code="t">Dracula</marc:subfield>
    </marc:datafield>
    <marc:datafield tag="608" ind1=" " ind2=" ">
      <marc:subfield code="3">FRBNF119758323</marc:subfield>
      <marc:subfield code="a">Illustrations</marc:subfield>
      <marc:subfield code="2">rameauForme</marc:subfield>
    </marc:datafield>
    <marc:datafield tag="640" ind1="6" ind2=" ">
      <marc:subfield code="0">Date de première publication</marc:subfield>
      <marc:subfield code="f">#1932#####</marc:subfield>
    </marc:datafield>
    <marc:datafield tag="801" ind1=" " ind2="0">
      <marc:subfield code="a">FR</marc:subfield>
      <marc:subfield code="b">FR-751045101</marc:subfield>
      <marc:subfield code="c">20221008</marc:subfield>
    </marc:datafield>
    <marc:datafield tag="810" ind1=" " ind2=" ">
      <marc:subfield code="a">Dracula, l'homme de la nuit : roman traduit par Ève et Lucie Paul-Margueritte et illustré de nombreuses photographies du film "Dracula" / Brahm Stoker. – Paris : Éditions J. Tallandier, 1932. – [Texte noté. Image fixe : sans médiation]</marc:subfield>
    </marc:datafield>
  </marc:record>