
  <marc:record>
    <marc:leader>03422cx  a2200541   4500</marc:leader>
    <marc:controlfield tag="001">UMLRM0154</marc:controlfield>
    <marc:controlfield tag="005">20220322######.D</marc:controlfield>
    <marc:datafield tag="033" ind1=" " ind2=" ">
      <marc:subfield code="a">http://catalogue.bnf.fr/ark:/12148/cb164600587</marc:subfield>
    </marc:datafield>
    <marc:datafield tag="033" ind1=" " ind2=" ">
      <marc:subfield code="a">https://www.wikidata.org/wiki/Q279378</marc:subfield>
    </marc:datafield>
    <marc:datafield tag="052" ind1=" " ind2=" ">
      <marc:subfield code="a">0000-0000-EDB1-0000-2-0000-0000-V</marc:subfield>
    </marc:datafield>
    <marc:datafield tag="100" ind1=" " ind2=" ">
      <marc:subfield code="a">20221008afrey50      ba0</marc:subfield>
    </marc:datafield>
    <marc:datafield tag="101" ind1="0" ind2=" ">
      <marc:subfield code="a">eng</marc:subfield>
    </marc:datafield>
    <marc:datafield tag="102" ind1=" " ind2=" ">
      <marc:subfield code="a">US</marc:subfield>
    </marc:datafield>
    <marc:datafield tag="104" ind1=" " ind2=" ">
      <marc:subfield code="a">d1931     </marc:subfield>
    </marc:datafield>
    <marc:datafield tag="125" ind1="0" ind2=" ">
      <marc:subfield code="a">m</marc:subfield>
    </marc:datafield>
    <marc:datafield tag="127" ind1="0" ind2=" ">
      <marc:subfield code="a">011500</marc:subfield>
    </marc:datafield>
    <marc:datafield tag="140" ind1=" " ind2=" ">
      <marc:subfield code="a">ic</marc:subfield>
      <marc:subfield code="b">fffa</marc:subfield>
      <marc:subfield code="2">BnF-</marc:subfield>
      <marc:subfield code="2">BnF-GenreFilm</marc:subfield>
    </marc:datafield>
    <marc:datafield tag="145" ind1="0" ind2=" ">
      <marc:subfield code="a">b</marc:subfield>
      <marc:subfield code="b">xa2ae </marc:subfield>
    </marc:datafield>
    <marc:datafield tag="147" ind1="0" ind2=" ">
      <marc:subfield code="a">a</marc:subfield>
      <marc:subfield code="e">b</marc:subfield>
      <marc:subfield code="h">a </marc:subfield>
    </marc:datafield>
    <marc:datafield tag="152" ind1=" " ind2=" ">
      <marc:subfield code="a">RDA-FR</marc:subfield>
    </marc:datafield>
    <marc:datafield tag="154" ind1=" " ind2=" ">
      <marc:subfield code="a">xa</marc:subfield>
    </marc:datafield>
    <marc:datafield tag="231" ind1=" " ind2=" ">
      <marc:subfield code="a">Dracula</marc:subfield>
      <marc:subfield code="c">film</marc:subfield>
      <marc:subfield code="d">1931</marc:subfield>
      <marc:subfield code="7">ba0yba0y</marc:subfield>
      <marc:subfield code="8">fre###</marc:subfield>
    </marc:datafield>
    <marc:datafield tag="370" ind1=" " ind2=" ">
      <marc:subfield code="c">Adapté de la pièce de théâtre de Hamilton Deane et John L. Balderston "Dracula"</marc:subfield>
      <marc:subfield code="c">En 1999, création d’une nouvelle bande sonore écrite par Philip Glass et interprétée par le Kronos quartet.</marc:subfield>
    </marc:datafield>
    <marc:datafield tag="431" ind1=" " ind2=" ">
      <marc:subfield code="a">Dracula le vampire</marc:subfield>
      <marc:subfield code="c">film</marc:subfield>
    </marc:datafield>
    <marc:datafield tag="441" ind1=" " ind2=" ">
      <marc:subfield code="3">FRBNF12086885</marc:subfield>
      <marc:subfield code="7">ba0yba0y</marc:subfield>
      <marc:subfield code="8">fre###</marc:subfield>
      <marc:subfield code="a">Browning, Tod (1882-1962)</marc:subfield>
      <marc:subfield code="t">Dracula</marc:subfield>
    </marc:datafield>
    <marc:datafield tag="441" ind1=" " ind2=" ">
      <marc:subfield code="3">FRBNF12086885</marc:subfield>
      <marc:subfield code="7">ba0yba0y</marc:subfield>
      <marc:subfield code="8">frefre</marc:subfield>
      <marc:subfield code="a">Browning, Tod (1882-1962)</marc:subfield>
      <marc:subfield code="t">Dracula le vampire</marc:subfield>
    </marc:datafield>
    <marc:datafield tag="501" ind1=" " ind2="1">
      <marc:subfield code="3">FRBNF12086885</marc:subfield>
      <marc:subfield code="7">ba0yba0y</marc:subfield>
      <marc:subfield code="8">fre###</marc:subfield>
      <marc:subfield code="o">ISNI 0000 0000 8156 0851</marc:subfield>
      <marc:subfield code="a">Browning</marc:subfield>
      <marc:subfield code="b">Tod</marc:subfield>
      <marc:subfield code="f">1882-1962</marc:subfield>
      <marc:subfield code="4">300</marc:subfield>
    </marc:datafield>
    <marc:datafield tag="501" ind1=" " ind2="1">
      <marc:subfield code="3">FRBNF14091523</marc:subfield>
      <marc:subfield code="7">ba0yba0y</marc:subfield>
      <marc:subfield code="8">fre###</marc:subfield>
      <marc:subfield code="o">ISNI 0000 0000 2128 3813</marc:subfield>
      <marc:subfield code="a">Deane</marc:subfield>
      <marc:subfield code="b">Hamilton</marc:subfield>
      <marc:subfield code="f">1879-1958</marc:subfield>
      <marc:subfield code="4">690</marc:subfield>
    </marc:datafield>
    <marc:datafield tag="501" ind1=" " ind2="1">
      <marc:subfield code="3">FRBNF14098404</marc:subfield>
      <marc:subfield code="7">ba0yba0y</marc:subfield>
      <marc:subfield code="8">fre###</marc:subfield>
      <marc:subfield code="o">ISNI 0000 0000 6310 1360</marc:subfield>
      <marc:subfield code="a">Fort</marc:subfield>
      <marc:subfield code="b">Garrett</marc:subfield>
      <marc:subfield code="f">1900-1945</marc:subfield>
      <marc:subfield code="4">690</marc:subfield>
    </marc:datafield>
    <marc:datafield tag="501" ind1=" " ind2="1">
      <marc:subfield code="3">FRBNF12121661</marc:subfield>
      <marc:subfield code="7">ba0yba0y</marc:subfield>
      <marc:subfield code="8">fre###</marc:subfield>
      <marc:subfield code="o">ISNI 0000 0001 2276 8254</marc:subfield>
      <marc:subfield code="a">Lugosi</marc:subfield>
      <marc:subfield code="b">Bela</marc:subfield>
      <marc:subfield code="f">1882-1956</marc:subfield>
      <marc:subfield code="4">005</marc:subfield>
    </marc:datafield>
    <marc:datafield tag="501" ind1=" " ind2="1">
      <marc:subfield code="3">FRBNF14017983</marc:subfield>
      <marc:subfield code="7">ba0yba0y</marc:subfield>
      <marc:subfield code="8">fre###</marc:subfield>
      <marc:subfield code="o">ISNI 0000 0001 2125 0170</marc:subfield>
      <marc:subfield code="a">Manners</marc:subfield>
      <marc:subfield code="b">David</marc:subfield>
      <marc:subfield code="f">1900-1998</marc:subfield>
      <marc:subfield code="4">005</marc:subfield>
    </marc:datafield>
    <marc:datafield tag="501" ind1=" " ind2="1">
      <marc:subfield code="3">FRBNF14163316</marc:subfield>
      <marc:subfield code="7">ba0yba0y</marc:subfield>
      <marc:subfield code="8">fre###</marc:subfield>
      <marc:subfield code="o">ISNI 0000 0000 2480 0695</marc:subfield>
      <marc:subfield code="a">Chandler</marc:subfield>
      <marc:subfield code="b">Helen</marc:subfield>
      <marc:subfield code="f">1906-1965</marc:subfield>
      <marc:subfield code="4">005</marc:subfield>
    </marc:datafield>
    <marc:datafield tag="531" ind1=" " ind2=" ">
      <marc:subfield code="5">xxr</marc:subfield>
      <marc:subfield code="p">A pour selection [oeuvre]</marc:subfield>
      <marc:subfield code="3">UMLRM0152</marc:subfield>
      <marc:subfield code="7">ba0yba0y</marc:subfield>
      <marc:subfield code="8">frefre</marc:subfield>
      <marc:subfield code="a">[Photographies extraites du film "Dracula" de Tod Browning]</marc:subfield>
      <marc:subfield code="k">Tallandier</marc:subfield>
      <marc:subfield code="d">1932</marc:subfield>
    </marc:datafield>
    <marc:datafield tag="531" ind1=" " ind2=" ">
      <marc:subfield code="5">xxc</marc:subfield>
      <marc:subfield code="p">A pour remake</marc:subfield>
      <marc:subfield code="3">UMLRM0163</marc:subfield>
      <marc:subfield code="7">ba0yba0y</marc:subfield>
      <marc:subfield code="8">frespa</marc:subfield>
      <marc:subfield code="a">Drácula</marc:subfield>
      <marc:subfield code="c">film</marc:subfield>
      <marc:subfield code="d">1931</marc:subfield>
      <marc:subfield code="f">espagnol</marc:subfield>
    </marc:datafield>
    <marc:datafield tag="531" ind1=" " ind2=" ">
      <marc:subfield code="5">xxc</marc:subfield>
      <marc:subfield code="p">A pour parodie</marc:subfield>
      <marc:subfield code="3">UMLRM0120</marc:subfield>
      <marc:subfield code="7">ba0yba0y</marc:subfield>
      <marc:subfield code="8">freeng</marc:subfield>
      <marc:subfield code="a">Dracula, dead and loving it</marc:subfield>
      <marc:subfield code="c">film</marc:subfield>
    </marc:datafield>
    <marc:datafield tag="541" ind1=" " ind2="1">
      <marc:subfield code="5">xxa</marc:subfield>
      <marc:subfield code="p">Est une adaptation dans un autre mode de création de [œuvre]</marc:subfield>
      <marc:subfield code="3">UMLRM0155</marc:subfield>
      <marc:subfield code="7">ba0yba0y</marc:subfield>
      <marc:subfield code="8">fre###</marc:subfield>
      <marc:subfield code="a">Deane, Hamilton (1879-1958)</marc:subfield>
      <marc:subfield code="a">Balderston, John L. (1889-1954)</marc:subfield>
      <marc:subfield code="t">Dracula</marc:subfield>
    </marc:datafield>
    <marc:datafield tag="541" ind1=" " ind2="1">
      <marc:subfield code="5">xxl</marc:subfield>
      <marc:subfield code="3">UMLRM0004</marc:subfield>
      <marc:subfield code="7">ba0yba0y</marc:subfield>
      <marc:subfield code="8">fre###</marc:subfield>
      <marc:subfield code="a">Stoker</marc:subfield>
      <marc:subfield code="b">Bram (1847-1912)</marc:subfield>
      <marc:subfield code="t">Dracula</marc:subfield>
    </marc:datafield>
    <marc:datafield tag="541" ind1=" " ind2="1">
      <marc:subfield code="5">xxf</marc:subfield>
      <marc:subfield code="p">A pour complément</marc:subfield>
      <marc:subfield code="3">UMLRM0156</marc:subfield>
      <marc:subfield code="7">ba0yba0y</marc:subfield>
      <marc:subfield code="8">fre###</marc:subfield>
      <marc:subfield code="a">Glass, Philip (1937-....)</marc:subfield>
      <marc:subfield code="t">Dracula</marc:subfield>
    </marc:datafield>
    <marc:datafield tag="608" ind1=" " ind2=" ">
      <marc:subfield code="3">FRBNF11980577</marc:subfield>
      <marc:subfield code="a">Films d’horreur</marc:subfield>
      <marc:subfield code="2">rameauGenre</marc:subfield>
    </marc:datafield>
    <marc:datafield tag="640" ind1="5" ind2=" ">
      <marc:subfield code="0">Dates de tournage</marc:subfield>
      <marc:subfield code="f">#19300929#</marc:subfield>
      <marc:subfield code="i">#19301115#</marc:subfield>
    </marc:datafield>
    <marc:datafield tag="640" ind1="6" ind2=" ">
      <marc:subfield code="a">FR</marc:subfield>
      <marc:subfield code="f">#19320122#</marc:subfield>
    </marc:datafield>
    <marc:datafield tag="640" ind1="0" ind2=" ">
      <marc:subfield code="0">Date de copyright</marc:subfield>
      <marc:subfield code="f">#1931#####</marc:subfield>
    </marc:datafield>
    <marc:datafield tag="801" ind1=" " ind2=" ">
      <marc:subfield code="a">FR</marc:subfield>
      <marc:subfield code="b">FR-751131015</marc:subfield>
      <marc:subfield code="c">20220322</marc:subfield>
    </marc:datafield>
    <marc:datafield tag="810" ind1=" " ind2=" ">
      <marc:subfield code="a">Dracula / Tod Browning, réalisateur ; d’après Bram Stoker, Hamilton Deane, John L. Balderston ; Hamilton Deane, Garrett Fort, scenario ; Bela Lugosi, David Manners, Helen Chandler... [et autres], acteurs. – [Paris] : Universal StudioCanal vidéo [éditeur et distributeur], 2014. – [Images animées : vidéo]</marc:subfield>
    </marc:datafield>
    <marc:datafield tag="810" ind1=" " ind2=" ">
      <marc:subfield code="a">Registre des visas et de la classification du CNC : https://www.cnc.fr/professionnels/visas-et-classification/32273 (2022-03-22)</marc:subfield>
    </marc:datafield>
    <marc:datafield tag="810" ind1=" " ind2=" ">
      <marc:subfield code="a">Wikipédia : https://fr.wikipedia.org/wiki/Dracula_(film,_1931) (2022-03-22)</marc:subfield>
    </marc:datafield>
    <marc:datafield tag="810" ind1=" " ind2=" ">
      <marc:subfield code="a">IMDB (Internet movie database) - https://www.imdb.com/title/tt0021814 (2022-03-22)</marc:subfield>
    </marc:datafield>
    <marc:datafield tag="810" ind1=" " ind2=" ">
      <marc:subfield code="a"> Ciné-ressources : http://www.cineressources.net/ (2022-1009). Sous : Dracula (1930) Tod Browning</marc:subfield>
      <marc:subfield code="b">Dates de tournage</marc:subfield>
    </marc:datafield>
  </marc:record>