
  <marc:record>
    <marc:leader>02157cx  a2200337   4500</marc:leader>
    <marc:controlfield tag="001">UMLRM0155</marc:controlfield>
    <marc:controlfield tag="005">20221012######.D</marc:controlfield>
    <marc:datafield tag="033" ind1=" " ind2=" ">
      <marc:subfield code="a">https://www.wikidata.org/wiki/Q1254421</marc:subfield>
    </marc:datafield>
    <marc:datafield tag="100" ind1=" " ind2=" ">
      <marc:subfield code="a">20221010afrey50      ba0</marc:subfield>
    </marc:datafield>
    <marc:datafield tag="101" ind1="0" ind2=" ">
      <marc:subfield code="a">eng</marc:subfield>
    </marc:datafield>
    <marc:datafield tag="102" ind1=" " ind2=" ">
      <marc:subfield code="a">GB</marc:subfield>
    </marc:datafield>
    <marc:datafield tag="104" ind1=" " ind2=" ">
      <marc:subfield code="a">d1924    </marc:subfield>
    </marc:datafield>
    <marc:datafield tag="125" ind1="0" ind2=" ">
      <marc:subfield code="a">m</marc:subfield>
    </marc:datafield>
    <marc:datafield tag="140" ind1=" " ind2=" ">
      <marc:subfield code="a">te</marc:subfield>
      <marc:subfield code="b">thfan</marc:subfield>
      <marc:subfield code="2">BnF-GenreLitt</marc:subfield>
    </marc:datafield>
    <marc:datafield tag="140" ind1=" " ind2=" ">
      <marc:subfield code="a">te</marc:subfield>
      <marc:subfield code="b">thepo</marc:subfield>
      <marc:subfield code="2">BnF-GenreLitt</marc:subfield>
    </marc:datafield>
    <marc:datafield tag="145" ind1="0" ind2=" ">
      <marc:subfield code="a">i</marc:subfield>
    </marc:datafield>
    <marc:datafield tag="152" ind1=" " ind2=" ">
      <marc:subfield code="a">RDA-FR</marc:subfield>
    </marc:datafield>
    <marc:datafield tag="154" ind1=" " ind2=" ">
      <marc:subfield code="a">xa</marc:subfield>
    </marc:datafield>
    <marc:datafield tag="241" ind1=" " ind2="1">
      <marc:subfield code="3">FRBNF14091523</marc:subfield>
      <marc:subfield code="o">ISNI 0000 0000 2128 3813</marc:subfield>
      <marc:subfield code="a">Deane, Hamilton (1879-1958)</marc:subfield>
      <marc:subfield code="3">FRBNF14007497</marc:subfield>
      <marc:subfield code="o">ISNI 0000 0000 8142 2184</marc:subfield>
      <marc:subfield code="a">Balderston, John L. (1889-1954)</marc:subfield>
      <marc:subfield code="t">Dracula</marc:subfield>
      <marc:subfield code="7">ba0yba0y</marc:subfield>
      <marc:subfield code="8">freeng</marc:subfield>
    </marc:datafield>
    <marc:datafield tag="370" ind1=" " ind2=" ">
      <marc:subfield code="a">Pièce de théâtre qui est la première adaptation autorisée du roman "Dracula" de Bram Stoker</marc:subfield>
      <marc:subfield code="c">Écrite par l’acteur et dramaturge irlandais Hamilton Deane en 1924, puis révisée par l’écrivain américain John L. Balderston en 1927 en vue d’une production à Broadway. La version révisée de la pièce a fait une tournée nationale aux États-Unis et a remplacé la version originale à Londres</marc:subfield>
      <marc:subfield code="c">Adaptation cinématographique par Tod Browning en 1931</marc:subfield>
    </marc:datafield>
    <marc:datafield tag="501" ind1=" " ind2="1">
      <marc:subfield code="3">FRBNF14091523</marc:subfield>
      <marc:subfield code="7">ba0yba0y</marc:subfield>
      <marc:subfield code="8">fre###</marc:subfield>
      <marc:subfield code="o">ISNI 0000 0000 2128 3813</marc:subfield>
      <marc:subfield code="a">Deane</marc:subfield>
      <marc:subfield code="b">Hamilton</marc:subfield>
      <marc:subfield code="f">1879-1958</marc:subfield>
      <marc:subfield code="4">070</marc:subfield>
    </marc:datafield>
    <marc:datafield tag="501" ind1=" " ind2="1">
      <marc:subfield code="3">FRBNF14007497</marc:subfield>
      <marc:subfield code="7">ba0yba0y</marc:subfield>
      <marc:subfield code="8">fre###</marc:subfield>
      <marc:subfield code="o">ISNI 0000 0000 8142 2184</marc:subfield>
      <marc:subfield code="a">Balderston</marc:subfield>
      <marc:subfield code="b"> John L.</marc:subfield>
      <marc:subfield code="f">1889-1954</marc:subfield>
      <marc:subfield code="4">070</marc:subfield>
    </marc:datafield>
    <marc:datafield tag="531" ind1=" " ind2=" ">
      <marc:subfield code="5">xxc</marc:subfield>
      <marc:subfield code="3">UMLRM0154</marc:subfield>
      <marc:subfield code="a">Dracula</marc:subfield>
      <marc:subfield code="c">film</marc:subfield>
      <marc:subfield code="d">19317ba0yba0y</marc:subfield>
      <marc:subfield code="8">fre###</marc:subfield>
    </marc:datafield>
    <marc:datafield tag="531" ind1=" " ind2=" ">
      <marc:subfield code="5">xxc</marc:subfield>
      <marc:subfield code="3">UMLRM0163</marc:subfield>
      <marc:subfield code="a">Drácula</marc:subfield>
      <marc:subfield code="c">film</marc:subfield>
      <marc:subfield code="d">1931</marc:subfield>
      <marc:subfield code="f">espagnol</marc:subfield>
      <marc:subfield code="7">ba0yba0y</marc:subfield>
      <marc:subfield code="8">frespa</marc:subfield>
    </marc:datafield>
    <marc:datafield tag="541" ind1=" " ind2="1">
      <marc:subfield code="5">xxa</marc:subfield>
      <marc:subfield code="p">Est une adaptation dans un autre mode de création de [œuvre]</marc:subfield>
      <marc:subfield code="3">UMLRM0004</marc:subfield>
      <marc:subfield code="o">ISNI 0000 0001 2122 2356</marc:subfield>
      <marc:subfield code="a">Stoker, Bram (1847-1912)</marc:subfield>
      <marc:subfield code="t">Dracula</marc:subfield>
      <marc:subfield code="7">ba0yba0y</marc:subfield>
      <marc:subfield code="8">freeng</marc:subfield>
    </marc:datafield>
    <marc:datafield tag="640" ind1="5" ind2=" ">
      <marc:subfield code="0">Date d’écriture</marc:subfield>
      <marc:subfield code="f">#1924#####</marc:subfield>
    </marc:datafield>
    <marc:datafield tag="640" ind1="5" ind2=" ">
      <marc:subfield code="0">Date de révision</marc:subfield>
      <marc:subfield code="f">#1927#####</marc:subfield>
    </marc:datafield>
    <marc:datafield tag="640" ind1="6" ind2=" ">
      <marc:subfield code="0">Première représentation (version originale)</marc:subfield>
      <marc:subfield code="a">GB</marc:subfield>
      <marc:subfield code="d">Derby</marc:subfield>
      <marc:subfield code="e">Grand Theatre</marc:subfield>
      <marc:subfield code="f">#19240805#</marc:subfield>
    </marc:datafield>
    <marc:datafield tag="640" ind1="6" ind2=" ">
      <marc:subfield code="0">Première représentation (version révisée)</marc:subfield>
      <marc:subfield code="a">US</marc:subfield>
      <marc:subfield code="d">New York</marc:subfield>
      <marc:subfield code="e">Fulton Theatre</marc:subfield>
      <marc:subfield code="f">#192710###</marc:subfield>
    </marc:datafield>
    <marc:datafield tag="801" ind1=" " ind2=" ">
      <marc:subfield code="a">FR</marc:subfield>
      <marc:subfield code="b">FR-751131015</marc:subfield>
      <marc:subfield code="c">20221012</marc:subfield>
    </marc:datafield>
    <marc:datafield tag="810" ind1=" " ind2=" ">
      <marc:subfield code="a">Wikipédia : https://en.wikipedia.org/wiki/Dracula_(1924_play) (2022-10-12)</marc:subfield>
    </marc:datafield>
  </marc:record>