
  <marc:record>
    <marc:leader>01661cx  a2200289   4500</marc:leader>
    <marc:controlfield tag="001">UMLRM0156</marc:controlfield>
    <marc:controlfield tag="005">20180220######.D</marc:controlfield>
    <marc:datafield tag="100" ind1=" " ind2=" ">
      <marc:subfield code="a">20000209afrey50      ba0</marc:subfield>
    </marc:datafield>
    <marc:datafield tag="101" ind1=" " ind2=" ">
      <marc:subfield code="a">zxx</marc:subfield>
    </marc:datafield>
    <marc:datafield tag="102" ind1=" " ind2=" ">
      <marc:subfield code="a">US</marc:subfield>
    </marc:datafield>
    <marc:datafield tag="104" ind1=" " ind2=" ">
      <marc:subfield code="a">d1999     </marc:subfield>
    </marc:datafield>
    <marc:datafield tag="125" ind1="0" ind2=" ">
      <marc:subfield code="a">m</marc:subfield>
    </marc:datafield>
    <marc:datafield tag="128" ind1=" " ind2=" ">
      <marc:subfield code="a">mp  </marc:subfield>
    </marc:datafield>
    <marc:datafield tag="140" ind1=" " ind2=" ">
      <marc:subfield code="a">mu </marc:subfield>
    </marc:datafield>
    <marc:datafield tag="145" ind1="0" ind2=" ">
      <marc:subfield code="a">d </marc:subfield>
    </marc:datafield>
    <marc:datafield tag="146" ind1="0" ind2=" ">
      <marc:subfield code="a">b</marc:subfield>
      <marc:subfield code="c">02svl    </marc:subfield>
      <marc:subfield code="c">02sva    </marc:subfield>
      <marc:subfield code="c">01svc    </marc:subfield>
    </marc:datafield>
    <marc:datafield tag="152" ind1=" " ind2=" ">
      <marc:subfield code="a">RDA-FR </marc:subfield>
    </marc:datafield>
    <marc:datafield tag="154" ind1=" " ind2=" ">
      <marc:subfield code="a">xa</marc:subfield>
    </marc:datafield>
    <marc:datafield tag="241" ind1=" " ind2="1">
      <marc:subfield code="3">FRBNF13894531</marc:subfield>
      <marc:subfield code="o">ISNI 0000 0001 2136 7029</marc:subfield>
      <marc:subfield code="a">Glass, Philip (1937-....)</marc:subfield>
      <marc:subfield code="t">Dracula</marc:subfield>
      <marc:subfield code="7">ba0yba0y</marc:subfield>
      <marc:subfield code="8">fre###</marc:subfield>
    </marc:datafield>
    <marc:datafield tag="370" ind1=" " ind2=" ">
      <marc:subfield code="a">Musique composée pour le film du même titre de Tod Browning, réalisé en 1931</marc:subfield>
      <marc:subfield code="a">Réunit : Dracula ; Journey to the inn ; The inn ; The crypt ; Carriage without a driver ; The castle ; The drawing room ; Excellent, Mr. Renfield ; The three consorts of Dracula ; The storm ; Horrible tragedy ; London fog ; In the theatre ; Lucy's bitten ; Steward sanatorium ; Renfield ; In his cell ; When the dream comes ; Dracula enters ; Or a wolf ; Women in white ; Renfield in the drawing room ; Dr. van Helsing and Dracula ; Mina's</marc:subfield>
    </marc:datafield>
    <marc:datafield tag="501" ind1=" " ind2="1">
      <marc:subfield code="3">FRBNF13894531</marc:subfield>
      <marc:subfield code="7">ba0yba0y</marc:subfield>
      <marc:subfield code="8">freeng</marc:subfield>
      <marc:subfield code="o">ISNI 0000 0001 2136 7029</marc:subfield>
      <marc:subfield code="a">Glass</marc:subfield>
      <marc:subfield code="b">Philip</marc:subfield>
      <marc:subfield code="f">1937-....</marc:subfield>
      <marc:subfield code="4">230</marc:subfield>
    </marc:datafield>
    <marc:datafield tag="531" ind1=" " ind2=" ">
      <marc:subfield code="5">xxg</marc:subfield>
      <marc:subfield code="p">Est un complément de]</marc:subfield>
      <marc:subfield code="3">UMLRM0154</marc:subfield>
      <marc:subfield code="a">Dracula</marc:subfield>
      <marc:subfield code="c">film</marc:subfield>
      <marc:subfield code="d">1931</marc:subfield>
      <marc:subfield code="7">ba0yba0y</marc:subfield>
      <marc:subfield code="8">fre###</marc:subfield>
    </marc:datafield>
    <marc:datafield tag="608" ind1=" " ind2=" ">
      <marc:subfield code="3">FRBNF11937299</marc:subfield>
      <marc:subfield code="a">Musique de film</marc:subfield>
      <marc:subfield code="2">rameauGenre</marc:subfield>
    </marc:datafield>
    <marc:datafield tag="640" ind1="6" ind2=" ">
      <marc:subfield code="0">Date de première publication</marc:subfield>
      <marc:subfield code="f">#1999#####</marc:subfield>
    </marc:datafield>
    <marc:datafield tag="801" ind1=" " ind2=" ">
      <marc:subfield code="a">FR</marc:subfield>
      <marc:subfield code="b">FR-751131015</marc:subfield>
      <marc:subfield code="c">20180220</marc:subfield>
    </marc:datafield>
    <marc:datafield tag="810" ind1=" " ind2=" ">
      <marc:subfield code="a">Grove Music Online : http://www.oxfordmusiconline.com (2017-02-20)</marc:subfield>
    </marc:datafield>
    <marc:datafield tag="810" ind1=" " ind2=" ">
      <marc:subfield code="a">Dracula / music by Philip Glass ; performed by Kronos quartet. – London : WEA Europe ; Le Blanc-Mesnil : distrib. Warner music France, 1999. – [Musique exécutée : audio]. – Nonesuch 795842</marc:subfield>
    </marc:datafield>
  </marc:record>