
  <marc:record>
    <marc:leader>01249nx  a2200265   4500</marc:leader>
    <marc:controlfield tag="001">UMLRM0157</marc:controlfield>
    <marc:datafield tag="100" ind1=" " ind2=" ">
      <marc:subfield code="a">20221013afrey50      ba0</marc:subfield>
    </marc:datafield>
    <marc:datafield tag="101" ind1=" " ind2=" ">
      <marc:subfield code="a">zxx</marc:subfield>
    </marc:datafield>
    <marc:datafield tag="102" ind1=" " ind2=" ">
      <marc:subfield code="a">US</marc:subfield>
    </marc:datafield>
    <marc:datafield tag="104" ind1=" " ind2=" ">
      <marc:subfield code="a">d1999     </marc:subfield>
    </marc:datafield>
    <marc:datafield tag="145" ind1=" " ind2=" ">
      <marc:subfield code="a">d</marc:subfield>
      <marc:subfield code="b">bxxa  </marc:subfield>
    </marc:datafield>
    <marc:datafield tag="146" ind1="0" ind2=" ">
      <marc:subfield code="a">b</marc:subfield>
      <marc:subfield code="c">02svl    </marc:subfield>
      <marc:subfield code="c">02sva    </marc:subfield>
      <marc:subfield code="c">01svc    </marc:subfield>
    </marc:datafield>
    <marc:datafield tag="147" ind1=" " ind2="1">
      <marc:subfield code="g">c</marc:subfield>
      <marc:subfield code="h">b</marc:subfield>
    </marc:datafield>
    <marc:datafield tag="152" ind1=" " ind2=" ">
      <marc:subfield code="a">RDA-FR</marc:subfield>
    </marc:datafield>
    <marc:datafield tag="154" ind1=" " ind2=" ">
      <marc:subfield code="a">xb</marc:subfield>
    </marc:datafield>
    <marc:datafield tag="242" ind1=" " ind2="1">
      <marc:subfield code="3">UMLRM0156</marc:subfield>
      <marc:subfield code="7">ba0yba0y</marc:subfield>
      <marc:subfield code="8">fre###</marc:subfield>
      <marc:subfield code="a">Glass, Philip (1937-....)</marc:subfield>
      <marc:subfield code="t">Dracula</marc:subfield>
      <marc:subfield code="n">Musique exécutée</marc:subfield>
      <marc:subfield code="w">Kronos quartet</marc:subfield>
    </marc:datafield>
    <marc:datafield tag="371" ind1=" " ind2=" ">
      <marc:subfield code="f">Production phonographique : New York (New York, USA) : Nonesuch, P 1999</marc:subfield>
    </marc:datafield>
    <marc:datafield tag="512" ind1="0" ind2="2">
      <marc:subfield code="3">FRBNF13904490</marc:subfield>
      <marc:subfield code="7">ba0yba0y</marc:subfield>
      <marc:subfield code="8">freeng</marc:subfield>
      <marc:subfield code="o">ISNI 0000 0001 2033 5359</marc:subfield>
      <marc:subfield code="a">The Kronos quartet</marc:subfield>
      <marc:subfield code="4">545</marc:subfield>
      <marc:subfield code="4">ost</marc:subfield>
    </marc:datafield>
    <marc:datafield tag="512" ind1="0" ind2="2">
      <marc:subfield code="3">FRBNF13882567</marc:subfield>
      <marc:subfield code="7">ba0yba0y</marc:subfield>
      <marc:subfield code="8">fre###</marc:subfield>
      <marc:subfield code="o">ISNI 0000 0001 1543 9727</marc:subfield>
      <marc:subfield code="a">Nonesuch</marc:subfield>
      <marc:subfield code="4">630</marc:subfield>
    </marc:datafield>
    <marc:datafield tag="608" ind1=" " ind2=" ">
      <marc:subfield code="a">Musique classique occidentale</marc:subfield>
      <marc:subfield code="2">RépertoireRDA-FR</marc:subfield>
    </marc:datafield>
    <marc:datafield tag="640" ind1="5" ind2=" ">
      <marc:subfield code="0">Enregistrement</marc:subfield>
      <marc:subfield code="a">CA</marc:subfield>
      <marc:subfield code="d">Nicasio</marc:subfield>
      <marc:subfield code="e">Skywalker Sound</marc:subfield>
      <marc:subfield code="f">#199808###</marc:subfield>
    </marc:datafield>
    <marc:datafield tag="640" ind1="0" ind2=" ">
      <marc:subfield code="0">Date de protection</marc:subfield>
      <marc:subfield code="f">#1999#####</marc:subfield>
    </marc:datafield>
    <marc:datafield tag="801" ind1=" " ind2="0">
      <marc:subfield code="a">FR</marc:subfield>
      <marc:subfield code="b">FR-751052119</marc:subfield>
      <marc:subfield code="c">20221013</marc:subfield>
    </marc:datafield>
    <marc:datafield tag="810" ind1=" " ind2=" ">
      <marc:subfield code="a">Discogs : https://www.discogs.com/release/1968807-Philip-Glass-Kronos-Quartet-Dracula (2022-1013)</marc:subfield>
    </marc:datafield>
    <marc:datafield tag="810" ind1=" " ind2=" ">
      <marc:subfield code="a">Dracula / music by Philip Glass ; performed by Kronos quartet. – London : WEA Europe ; Le Blanc-Mesnil : distrib. Warner music France, 1999. – [Musique exécutée : audio]. – Nonesuch 795842</marc:subfield>
    </marc:datafield>
  </marc:record>