
  <marc:record>
    <marc:leader>01638nx  a2200241   4500</marc:leader>
    <marc:controlfield tag="001">UMLRM0159</marc:controlfield>
    <marc:datafield tag="100" ind1=" " ind2=" ">
      <marc:subfield code="a">20221013afrey50      ba0</marc:subfield>
    </marc:datafield>
    <marc:datafield tag="101" ind1="2" ind2=" ">
      <marc:subfield code="a">eng</marc:subfield>
      <marc:subfield code="a">fre</marc:subfield>
      <marc:subfield code="a">ita</marc:subfield>
      <marc:subfield code="a">spa</marc:subfield>
      <marc:subfield code="a">ger</marc:subfield>
      <marc:subfield code="c">eng</marc:subfield>
      <marc:subfield code="j">fre</marc:subfield>
      <marc:subfield code="j">eng</marc:subfield>
      <marc:subfield code="j">ita</marc:subfield>
      <marc:subfield code="j">spa</marc:subfield>
      <marc:subfield code="j">ger</marc:subfield>
    </marc:datafield>
    <marc:datafield tag="102" ind1=" " ind2=" ">
      <marc:subfield code="a">US</marc:subfield>
    </marc:datafield>
    <marc:datafield tag="104" ind1=" " ind2=" ">
      <marc:subfield code="a">d2013     </marc:subfield>
    </marc:datafield>
    <marc:datafield tag="127" ind1=" " ind2=" ">
      <marc:subfield code="a">011500</marc:subfield>
    </marc:datafield>
    <marc:datafield tag="145" ind1=" " ind2=" ">
      <marc:subfield code="a">b</marc:subfield>
      <marc:subfield code="b">xa2ae </marc:subfield>
    </marc:datafield>
    <marc:datafield tag="147" ind1=" " ind2=" ">
      <marc:subfield code="a">a</marc:subfield>
      <marc:subfield code="e">b</marc:subfield>
      <marc:subfield code="h">c </marc:subfield>
    </marc:datafield>
    <marc:datafield tag="152" ind1=" " ind2=" ">
      <marc:subfield code="a">RDA-FR</marc:subfield>
    </marc:datafield>
    <marc:datafield tag="154" ind1=" " ind2=" ">
      <marc:subfield code="a">xb</marc:subfield>
    </marc:datafield>
    <marc:datafield tag="232" ind1=" " ind2=" ">
      <marc:subfield code="3">UMLRM0154</marc:subfield>
      <marc:subfield code="7">ba0yba0y</marc:subfield>
      <marc:subfield code="8">fre###</marc:subfield>
      <marc:subfield code="a">Dracula</marc:subfield>
      <marc:subfield code="c">film</marc:subfield>
      <marc:subfield code="d">1931</marc:subfield>
      <marc:subfield code="l">Version restaurée</marc:subfield>
      <marc:subfield code="m">Versions multiples (5 langues ; sous-titrage en 5 langues)</marc:subfield>
    </marc:datafield>
    <marc:datafield tag="300" ind1=" " ind2=" ">
      <marc:subfield code="a">Film en version originale anglaise et en versions française, italienne, allemande, espagnole, avec sous-titrage optionnel en français, anglais, allemand, italien et espagnol</marc:subfield>
    </marc:datafield>
    <marc:datafield tag="371" ind1=" " ind2=" ">
      <marc:subfield code="a">Surround (Dolby Digital 2.0)</marc:subfield>
      <marc:subfield code="f">Version restaurée</marc:subfield>
    </marc:datafield>
    <marc:datafield tag="640" ind1="6" ind2=" ">
      <marc:subfield code="0">Date de première publication</marc:subfield>
      <marc:subfield code="f">#20130917#</marc:subfield>
    </marc:datafield>
    <marc:datafield tag="801" ind1=" " ind2=" ">
      <marc:subfield code="a">FR</marc:subfield>
      <marc:subfield code="b">FR-751131015</marc:subfield>
      <marc:subfield code="c">202014#####</marc:subfield>
    </marc:datafield>
    <marc:datafield tag="810" ind1=" " ind2=" ">
      <marc:subfield code="a">Dracula / Tod Browning, [réalisateur] ; scénario de Garrett Fort ; d’après le roman de Bram Stoker et la pièce de Hamilton Deane et John L. Balderston ; Bela Lugosi, David Manners, Helen Chandler... [et autres], [acteurs]. – [Paris] : Universal StudioCanal vidéo [éditeur, distributeur], 2014 ; - [Images animées : vidéo]. - 830 098-5 (EDV 764)</marc:subfield>
    </marc:datafield>
    <marc:datafield tag="810" ind1=" " ind2=" ">
      <marc:subfield code="a">IMDB (Internet movie database) : https://www.imdb.com/title/tt0021814 (2022-10-18))</marc:subfield>
      <marc:subfield code="b">Date de publication de la version Blu-ray : September 17, 2013</marc:subfield>
    </marc:datafield>
    <marc:datafield tag="810" ind1=" " ind2=" ">
      <marc:subfield code="a">Servin, Javier. A Tale of Two Draculas: the history, preservation, restoration and legacy of Universal Studios’ English and Spanish language “Dracula” : https://jservin85.wordpress.com/preservation-and-restoration/restoration-of-dracula/ (2022-11-13)</marc:subfield>
    </marc:datafield>
  </marc:record>