
  <marc:record>
    <marc:leader>01695nx  a2200349   4500</marc:leader>
    <marc:controlfield tag="001">UMLRM0163</marc:controlfield>
    <marc:datafield tag="100" ind1=" " ind2=" ">
      <marc:subfield code="a">20221018afrey50      ba0</marc:subfield>
    </marc:datafield>
    <marc:datafield tag="101" ind1="0" ind2=" ">
      <marc:subfield code="a">spa</marc:subfield>
    </marc:datafield>
    <marc:datafield tag="102" ind1=" " ind2=" ">
      <marc:subfield code="a">US</marc:subfield>
      <marc:subfield code="a">ES</marc:subfield>
    </marc:datafield>
    <marc:datafield tag="104" ind1=" " ind2=" ">
      <marc:subfield code="a">d1931     </marc:subfield>
    </marc:datafield>
    <marc:datafield tag="125" ind1="0" ind2=" ">
      <marc:subfield code="a">m</marc:subfield>
    </marc:datafield>
    <marc:datafield tag="127" ind1="0" ind2=" ">
      <marc:subfield code="a">014400</marc:subfield>
    </marc:datafield>
    <marc:datafield tag="140" ind1=" " ind2=" ">
      <marc:subfield code="a">ic</marc:subfield>
      <marc:subfield code="b">fffa</marc:subfield>
      <marc:subfield code="2">BnF-</marc:subfield>
      <marc:subfield code="2">BnF-GenreFilm</marc:subfield>
    </marc:datafield>
    <marc:datafield tag="145" ind1="0" ind2=" ">
      <marc:subfield code="a">b</marc:subfield>
      <marc:subfield code="b">xa2ae </marc:subfield>
    </marc:datafield>
    <marc:datafield tag="147" ind1="0" ind2=" ">
      <marc:subfield code="a">a</marc:subfield>
      <marc:subfield code="e">b</marc:subfield>
      <marc:subfield code="h">a </marc:subfield>
    </marc:datafield>
    <marc:datafield tag="152" ind1=" " ind2=" ">
      <marc:subfield code="a">RDA-FR</marc:subfield>
    </marc:datafield>
    <marc:datafield tag="154" ind1=" " ind2=" ">
      <marc:subfield code="a">xa</marc:subfield>
    </marc:datafield>
    <marc:datafield tag="231" ind1=" " ind2=" ">
      <marc:subfield code="7">ba0yba0y</marc:subfield>
      <marc:subfield code="8">frespa</marc:subfield>
      <marc:subfield code="a">Drácula</marc:subfield>
      <marc:subfield code="c">film</marc:subfield>
      <marc:subfield code="d">1931</marc:subfield>
      <marc:subfield code="f">espagnol</marc:subfield>
    </marc:datafield>
    <marc:datafield tag="370" ind1=" " ind2=" ">
      <marc:subfield code="c">Adapté de la pièce de théâtre de Hamilton Deane et John L. Balderston "Dracula"</marc:subfield>
    </marc:datafield>
    <marc:datafield tag="431" ind1=" " ind2=" ">
      <marc:subfield code="7">ba0yba0y</marc:subfield>
      <marc:subfield code="8">fre###</marc:subfield>
      <marc:subfield code="a">Dracula</marc:subfield>
      <marc:subfield code="c">film</marc:subfield>
      <marc:subfield code="d">1931</marc:subfield>
      <marc:subfield code="m">Version espagnole</marc:subfield>
    </marc:datafield>
    <marc:datafield tag="441" ind1=" " ind2=" ">
      <marc:subfield code="3">FRBNF14691107</marc:subfield>
      <marc:subfield code="o">ISNI 0000 0000 7844 0445</marc:subfield>
      <marc:subfield code="a">Melford, George (1877-1961)</marc:subfield>
      <marc:subfield code="t">Drácula</marc:subfield>
      <marc:subfield code="7">ba0yba0y</marc:subfield>
      <marc:subfield code="8">frespa</marc:subfield>
    </marc:datafield>
    <marc:datafield tag="501" ind1=" " ind2="1">
      <marc:subfield code="3">FRBNF14691107</marc:subfield>
      <marc:subfield code="7">ba0yba0y</marc:subfield>
      <marc:subfield code="8">freeng</marc:subfield>
      <marc:subfield code="o">ISNI 0000 0000 7844 0445</marc:subfield>
      <marc:subfield code="a">Melford</marc:subfield>
      <marc:subfield code="b">George</marc:subfield>
      <marc:subfield code="f">1877-1961</marc:subfield>
      <marc:subfield code="4">300</marc:subfield>
    </marc:datafield>
    <marc:datafield tag="501" ind1=" " ind2="1">
      <marc:subfield code="7">ba0yba0y</marc:subfield>
      <marc:subfield code="8">frespa</marc:subfield>
      <marc:subfield code="a">Fernández Cué</marc:subfield>
      <marc:subfield code="b">Baltasar</marc:subfield>
      <marc:subfield code="f">1878-1966</marc:subfield>
      <marc:subfield code="4">690</marc:subfield>
    </marc:datafield>
    <marc:datafield tag="501" ind1=" " ind2="1">
      <marc:subfield code="7">ba0yba0y</marc:subfield>
      <marc:subfield code="8">frespa</marc:subfield>
      <marc:subfield code="o">ISNI 0000 0000 4816 7409</marc:subfield>
      <marc:subfield code="a">Villarías</marc:subfield>
      <marc:subfield code="b">Carlos</marc:subfield>
      <marc:subfield code="f">1892-1976</marc:subfield>
      <marc:subfield code="4">005</marc:subfield>
    </marc:datafield>
    <marc:datafield tag="501" ind1=" " ind2="1">
      <marc:subfield code="3">FRBNF14702511</marc:subfield>
      <marc:subfield code="7">ba0yba0y</marc:subfield>
      <marc:subfield code="8">fre###</marc:subfield>
      <marc:subfield code="o">ISNI 0000 0003 6953 0387</marc:subfield>
      <marc:subfield code="a">‏Tovar‏</marc:subfield>
      <marc:subfield code="b">Lupita</marc:subfield>
      <marc:subfield code="f">1910-2016</marc:subfield>
      <marc:subfield code="4">005</marc:subfield>
    </marc:datafield>
    <marc:datafield tag="501" ind1=" " ind2="1">
      <marc:subfield code="7">ba0yba0y</marc:subfield>
      <marc:subfield code="8">fre###</marc:subfield>
      <marc:subfield code="a">Norton</marc:subfield>
      <marc:subfield code="b">Barry</marc:subfield>
      <marc:subfield code="f">1905-1956</marc:subfield>
      <marc:subfield code="4">005</marc:subfield>
    </marc:datafield>
    <marc:datafield tag="531" ind1=" " ind2=" ">
      <marc:subfield code="5">xxa</marc:subfield>
      <marc:subfield code="p">Est un remake de</marc:subfield>
      <marc:subfield code="3">UMLRM0154</marc:subfield>
      <marc:subfield code="a">Dracula</marc:subfield>
      <marc:subfield code="c">film</marc:subfield>
      <marc:subfield code="d">1931</marc:subfield>
      <marc:subfield code="7">ba0yba0y</marc:subfield>
      <marc:subfield code="8">fre###</marc:subfield>
    </marc:datafield>
    <marc:datafield tag="541" ind1=" " ind2="1">
      <marc:subfield code="5">xxa</marc:subfield>
      <marc:subfield code="p">Est une adaptation dans un autre mode de création de [œuvre]</marc:subfield>
      <marc:subfield code="3">UMLRM0155</marc:subfield>
      <marc:subfield code="7">ba0yba0y</marc:subfield>
      <marc:subfield code="8">fre###</marc:subfield>
      <marc:subfield code="a">Deane, Hamilton (1879-1958)</marc:subfield>
      <marc:subfield code="a">Balderston, John L. (1889-1954)</marc:subfield>
      <marc:subfield code="t">Dracula</marc:subfield>
    </marc:datafield>
    <marc:datafield tag="541" ind1=" " ind2="1">
      <marc:subfield code="5">xxl</marc:subfield>
      <marc:subfield code="3">UMLRM0004</marc:subfield>
      <marc:subfield code="7">ba0yba0y</marc:subfield>
      <marc:subfield code="8">fre###</marc:subfield>
      <marc:subfield code="a">Stoker</marc:subfield>
      <marc:subfield code="b">Bram (1847-1912)</marc:subfield>
      <marc:subfield code="t">Dracula</marc:subfield>
    </marc:datafield>
    <marc:datafield tag="640" ind1="5" ind2=" ">
      <marc:subfield code="0">Dates de tournage</marc:subfield>
      <marc:subfield code="f">#19301010#</marc:subfield>
      <marc:subfield code="i">#19301108#</marc:subfield>
    </marc:datafield>
    <marc:datafield tag="640" ind1="6" ind2=" ">
      <marc:subfield code="0">Date de première sortie en salle</marc:subfield>
      <marc:subfield code="a">ES</marc:subfield>
      <marc:subfield code="d">Madrid</marc:subfield>
      <marc:subfield code="f">#19310320#</marc:subfield>
    </marc:datafield>
    <marc:datafield tag="640" ind1="6" ind2=" ">
      <marc:subfield code="0">Date de première sortie en salle</marc:subfield>
      <marc:subfield code="a">US</marc:subfield>
      <marc:subfield code="d">New</marc:subfield>
    </marc:datafield>
  </marc:record>