
  <marc:record>
    <marc:leader>01782nx  a2200277   4500</marc:leader>
    <marc:controlfield tag="001">UMLRM0164</marc:controlfield>
    <marc:datafield tag="100" ind1=" " ind2=" ">
      <marc:subfield code="a">20221021afrey50      ba0</marc:subfield>
    </marc:datafield>
    <marc:datafield tag="102" ind1=" " ind2=" ">
      <marc:subfield code="a">CA</marc:subfield>
    </marc:datafield>
    <marc:datafield tag="104" ind1=" " ind2=" ">
      <marc:subfield code="a">d1998     </marc:subfield>
    </marc:datafield>
    <marc:datafield tag="125" ind1="0" ind2=" ">
      <marc:subfield code="a">m</marc:subfield>
    </marc:datafield>
    <marc:datafield tag="140" ind1=" " ind2=" ">
      <marc:subfield code="a">da</marc:subfield>
      <marc:subfield code="b">bt </marc:subfield>
      <marc:subfield code="2">IAML-Formes</marc:subfield>
    </marc:datafield>
    <marc:datafield tag="145" ind1="0" ind2=" ">
      <marc:subfield code="a">c</marc:subfield>
    </marc:datafield>
    <marc:datafield tag="152" ind1=" " ind2=" ">
      <marc:subfield code="a">RDA-FR</marc:subfield>
    </marc:datafield>
    <marc:datafield tag="154" ind1=" " ind2=" ">
      <marc:subfield code="a">xa</marc:subfield>
    </marc:datafield>
    <marc:datafield tag="241" ind1=" " ind2="1">
      <marc:subfield code="a">Godden, Mark</marc:subfield>
      <marc:subfield code="t">Dracula</marc:subfield>
      <marc:subfield code="7">ba0yba0y</marc:subfield>
      <marc:subfield code="8">freeng</marc:subfield>
    </marc:datafield>
    <marc:datafield tag="370" ind1=" " ind2=" ">
      <marc:subfield code="c">Commande du Royal Winnipeg Ballet à l’occasion du 100e anniversaire du roman de Bram Stoker publié en 1897</marc:subfield>
      <marc:subfield code="c">Créé par le Royal Winnipeg Ballet en octobre 1998, et repris en 2018 (12-14 avril)</marc:subfield>
      <marc:subfield code="c">Adapté à l’écran en 2001 par le réalisateur Guy Maddin, sous le titre "Dracula</marc:subfield>
      <marc:subfield code="e">pages from a virgin's diary" : première diffusion du film en 2002.</marc:subfield>
    </marc:datafield>
    <marc:datafield tag="501" ind1=" " ind2="1">
      <marc:subfield code="7">ba0yba0y</marc:subfield>
      <marc:subfield code="8">fre###</marc:subfield>
      <marc:subfield code="a">Godden</marc:subfield>
      <marc:subfield code="b">Mark</marc:subfield>
      <marc:subfield code="4">200</marc:subfield>
    </marc:datafield>
    <marc:datafield tag="531" ind1=" " ind2=" ">
      <marc:subfield code="5">xxc</marc:subfield>
      <marc:subfield code="p">A pour adaptation dans un autre mode de création de [œuvre]</marc:subfield>
      <marc:subfield code="3">UMLRM0135</marc:subfield>
      <marc:subfield code="a">Dracula : pages from a virgin's diary</marc:subfield>
      <marc:subfield code="c">film</marc:subfield>
      <marc:subfield code="7">ba0yba0y</marc:subfield>
      <marc:subfield code="8">freeng</marc:subfield>
    </marc:datafield>
    <marc:datafield tag="541" ind1=" " ind2="1">
      <marc:subfield code="5">xxr</marc:subfield>
      <marc:subfield code="p">Utilise la musique [œuvre]</marc:subfield>
      <marc:subfield code="3">UMLRM0165</marc:subfield>
      <marc:subfield code="7">ba0yba0y</marc:subfield>
      <marc:subfield code="8">frefre</marc:subfield>
      <marc:subfield code="a">Mahler, Gustav (1860-1911)</marc:subfield>
      <marc:subfield code="t">Symphonies</marc:subfield>
      <marc:subfield code="c">Choix</marc:subfield>
      <marc:subfield code="k">Godden</marc:subfield>
    </marc:datafield>
    <marc:datafield tag="541" ind1=" " ind2="1">
      <marc:subfield code="5">xxl</marc:subfield>
      <marc:subfield code="3">UMLRM0004</marc:subfield>
      <marc:subfield code="7">ba0yba0y</marc:subfield>
      <marc:subfield code="8">freeng</marc:subfield>
      <marc:subfield code="a">Stoker, Bram (1847-1912)</marc:subfield>
      <marc:subfield code="t">Dracula</marc:subfield>
    </marc:datafield>
    <marc:datafield tag="608" ind1=" " ind2=" ">
      <marc:subfield code="3">FRBNF11934698</marc:subfield>
      <marc:subfield code="a">Ballet</marc:subfield>
      <marc:subfield code="2">rameauGenre</marc:subfield>
    </marc:datafield>
    <marc:datafield tag="640" ind1="6" ind2=" ">
      <marc:subfield code="0">Première représentation (création)</marc:subfield>
      <marc:subfield code="p">CA</marc:subfield>
      <marc:subfield code="b">Manitoba</marc:subfield>
      <marc:subfield code="d">Winnipeg</marc:subfield>
      <marc:subfield code="e">Royal Winnipeg Ballet</marc:subfield>
      <marc:subfield code="f">#199810###</marc:subfield>
    </marc:datafield>
    <marc:datafield tag="801" ind1=" " ind2="0">
      <marc:subfield code="a">FR</marc:subfield>
      <marc:subfield code="b">FR-751131015</marc:subfield>
      <marc:subfield code="c">20221021</marc:subfield>
    </marc:datafield>
    <marc:datafield tag="810" ind1=" " ind2=" ">
      <marc:subfield code="a">Robb, Peter. The Royal Winnipeg resurrects Mark Godden’s Dracula : https://artsfile.ca/the-royal-winnipeg-resurrects-mark-goddens-dracula/ (2022-10-21)</marc:subfield>
    </marc:datafield>
    <marc:datafield tag="810" ind1=" " ind2=" ">
      <marc:subfield code="a">Pepper, Kaija. How Does Mark Godden’s Dracula Dance? : http://www.markgodden.com/pdf/DraculaReview-Kaija-Pepper.pdf (2022-10-21)</marc:subfield>
      <marc:subfield code="b">Date de création et musique utilisée</marc:subfield>
    </marc:datafield>
    <marc:datafield tag="810" ind1=" " ind2=" ">
      <marc:subfield code="a">Encyclopédie Canadienne : https://www.thecanadianencyclopedia.ca/fr/article/godden-mark (2022-10-21)</marc:subfield>
    </marc:datafield>
  </marc:record>