
  <marc:record>
    <marc:leader>01615nx  a2200289   4500</marc:leader>
    <marc:controlfield tag="001">UMLRM0165</marc:controlfield>
    <marc:datafield tag="100" ind1=" " ind2=" ">
      <marc:subfield code="a">20221021afrey50      ba0</marc:subfield>
    </marc:datafield>
    <marc:datafield tag="102" ind1=" " ind2=" ">
      <marc:subfield code="a">CA</marc:subfield>
    </marc:datafield>
    <marc:datafield tag="104" ind1=" " ind2=" ">
      <marc:subfield code="a">d1998     </marc:subfield>
    </marc:datafield>
    <marc:datafield tag="125" ind1="0" ind2=" ">
      <marc:subfield code="a">m</marc:subfield>
    </marc:datafield>
    <marc:datafield tag="128" ind1=" " ind2=" ">
      <marc:subfield code="a">sy </marc:subfield>
    </marc:datafield>
    <marc:datafield tag="140" ind1=" " ind2=" ">
      <marc:subfield code="a">mu</marc:subfield>
    </marc:datafield>
    <marc:datafield tag="145" ind1="0" ind2=" ">
      <marc:subfield code="a">d</marc:subfield>
    </marc:datafield>
    <marc:datafield tag="146" ind1=" " ind2=" ">
      <marc:subfield code="a">b</marc:subfield>
      <marc:subfield code="d">01ofu    </marc:subfield>
    </marc:datafield>
    <marc:datafield tag="152" ind1=" " ind2=" ">
      <marc:subfield code="a">RDA-FR</marc:subfield>
    </marc:datafield>
    <marc:datafield tag="154" ind1=" " ind2=" ">
      <marc:subfield code="a">xa</marc:subfield>
    </marc:datafield>
    <marc:datafield tag="241" ind1=" " ind2="1">
      <marc:subfield code="3">FRBNF13896959</marc:subfield>
      <marc:subfield code="o">ISNI 0000 0001 2135 8915</marc:subfield>
      <marc:subfield code="a">Mahler, Gustav (1860-1911)</marc:subfield>
      <marc:subfield code="t">Symphonies</marc:subfield>
      <marc:subfield code="c">Choix</marc:subfield>
      <marc:subfield code="k">Godden</marc:subfield>
      <marc:subfield code="7">ba0yba0y</marc:subfield>
      <marc:subfield code="8">frefre</marc:subfield>
    </marc:datafield>
    <marc:datafield tag="370" ind1=" " ind2=" ">
      <marc:subfield code="a">Sélection d’extraits des symphonies n°1 “Titan”, n°2 “Résurrection” et n°9 de Gustav Mahler par le chorégraphe Mark Godden pour servir de musique à son ballet "Dracula” d’après le roman de Bram Stoker</marc:subfield>
    </marc:datafield>
    <marc:datafield tag="501" ind1=" " ind2="1">
      <marc:subfield code="3">FRBNF13896959</marc:subfield>
      <marc:subfield code="o">ISNI 0000 0001 2135 8915</marc:subfield>
      <marc:subfield code="7">ba0yba0y</marc:subfield>
      <marc:subfield code="8">fre###</marc:subfield>
      <marc:subfield code="a">Mahler</marc:subfield>
      <marc:subfield code="b">Gustav</marc:subfield>
      <marc:subfield code="f">1860-1911</marc:subfield>
      <marc:subfield code="4">230</marc:subfield>
    </marc:datafield>
    <marc:datafield tag="501" ind1=" " ind2="1">
      <marc:subfield code="7">ba0yba0y</marc:subfield>
      <marc:subfield code="8">fre###</marc:subfield>
      <marc:subfield code="a">Godden</marc:subfield>
      <marc:subfield code="b">Mark</marc:subfield>
      <marc:subfield code="4">340</marc:subfield>
    </marc:datafield>
    <marc:datafield tag="531" ind1=" " ind2=" ">
      <marc:subfield code="5">xxr</marc:subfield>
      <marc:subfield code="p">Musique utilisée dans [œuvre]</marc:subfield>
      <marc:subfield code="3">UMLRM0135</marc:subfield>
      <marc:subfield code="7">ba0yba0y</marc:subfield>
      <marc:subfield code="8">freeng</marc:subfield>
      <marc:subfield code="a">Dracula : pages from a virgin's diary</marc:subfield>
      <marc:subfield code="c">film</marc:subfield>
    </marc:datafield>
    <marc:datafield tag="541" ind1=" " ind2="1">
      <marc:subfield code="5">xxr</marc:subfield>
      <marc:subfield code="p">Musique utilisée dans [œuvre]</marc:subfield>
      <marc:subfield code="3">UMLRM0164</marc:subfield>
      <marc:subfield code="7">ba0yba0y</marc:subfield>
      <marc:subfield code="8">freeng</marc:subfield>
      <marc:subfield code="a">Godden, Mark</marc:subfield>
      <marc:subfield code="t">Dracula</marc:subfield>
    </marc:datafield>
    <marc:datafield tag="640" ind1="6" ind2=" ">
      <marc:subfield code="0">Première représentation (création)</marc:subfield>
      <marc:subfield code="p">CA</marc:subfield>
      <marc:subfield code="b">Manitoba</marc:subfield>
      <marc:subfield code="d">Winnipeg</marc:subfield>
      <marc:subfield code="e">Royal Winnipeg Ballet</marc:subfield>
      <marc:subfield code="f">#199810###</marc:subfield>
    </marc:datafield>
    <marc:datafield tag="801" ind1=" " ind2="0">
      <marc:subfield code="a">FR</marc:subfield>
      <marc:subfield code="b">FR-751131015</marc:subfield>
      <marc:subfield code="c">20221021</marc:subfield>
    </marc:datafield>
    <marc:datafield tag="810" ind1=" " ind2=" ">
      <marc:subfield code="a">Pepper, Kaija. How Does Mark Godden’s Dracula Dance? : http://www.markgodden.com/pdf/DraculaReview-Kaija-Pepper.pdf (2022-10-21)</marc:subfield>
      <marc:subfield code="b">Composition de l’agrégat</marc:subfield>
    </marc:datafield>
    <marc:datafield tag="810" ind1=" " ind2=" ">
      <marc:subfield code="a">Ciné-ressources : catalogue collectif des bibliothèques et archives de cinéma : http://www.cineressources.net (2022-10-21)</marc:subfield>
    </marc:datafield>
    <marc:datafield tag="810" ind1=" " ind2=" ">
      <marc:subfield code="a">IMDB (Internet movie database) : https://www.imdb.com/title/tt0293113/ (2022-10-21)</marc:subfield>
    </marc:datafield>
  </marc:record>