
  <marc:record>
    <marc:leader>01337nx  a2200265   4500</marc:leader>
    <marc:controlfield tag="001">UMLRM0169</marc:controlfield>
    <marc:datafield tag="100" ind1=" " ind2=" ">
      <marc:subfield code="a">20221024afrey50      ba0</marc:subfield>
    </marc:datafield>
    <marc:datafield tag="101" ind1="0" ind2=" ">
      <marc:subfield code="a">fre</marc:subfield>
    </marc:datafield>
    <marc:datafield tag="102" ind1=" " ind2=" ">
      <marc:subfield code="a">FR</marc:subfield>
    </marc:datafield>
    <marc:datafield tag="104" ind1=" " ind2=" ">
      <marc:subfield code="a">d2003     </marc:subfield>
    </marc:datafield>
    <marc:datafield tag="125" ind1="0" ind2=" ">
      <marc:subfield code="a">m</marc:subfield>
    </marc:datafield>
    <marc:datafield tag="140" ind1=" " ind2=" ">
      <marc:subfield code="a">is</marc:subfield>
      <marc:subfield code="b">affiche</marc:subfield>
      <marc:subfield code="2">frTICO</marc:subfield>
    </marc:datafield>
    <marc:datafield tag="145" ind1="0" ind2=" ">
      <marc:subfield code="a">b</marc:subfield>
      <marc:subfield code="b">xb2e  </marc:subfield>
    </marc:datafield>
    <marc:datafield tag="147" ind1="0" ind2=" ">
      <marc:subfield code="a">h </marc:subfield>
    </marc:datafield>
    <marc:datafield tag="152" ind1=" " ind2=" ">
      <marc:subfield code="a">RDA-FR</marc:subfield>
    </marc:datafield>
    <marc:datafield tag="154" ind1=" " ind2=" ">
      <marc:subfield code="a">xa</marc:subfield>
    </marc:datafield>
    <marc:datafield tag="241" ind1=" " ind2="1">
      <marc:subfield code="3">FRBNF14894385</marc:subfield>
      <marc:subfield code="o">ISNI 0000 0000 0352 8725</marc:subfield>
      <marc:subfield code="a">Gauriat, Vincent</marc:subfield>
      <marc:subfield code="t">Dracula, pages tirées du journal d’une vierge, un film de Guy Maddin</marc:subfield>
      <marc:subfield code="7">ba0yba0y</marc:subfield>
      <marc:subfield code="8">frefre</marc:subfield>
    </marc:datafield>
    <marc:datafield tag="370" ind1=" " ind2=" ">
      <marc:subfield code="a">Grande catégorie technique : impression photomécanique</marc:subfield>
      <marc:subfield code="a">Genre iconographique : Scènes fantastiques</marc:subfield>
      <marc:subfield code="c">Affiche créée pour accompagner la diffusion en France du film de Guy Maddin (première diffusion en salle : 31 décembre 2003)</marc:subfield>
    </marc:datafield>
    <marc:datafield tag="501" ind1=" " ind2="1">
      <marc:subfield code="3">FRBNF14894385</marc:subfield>
      <marc:subfield code="7">ba0yba0y</marc:subfield>
      <marc:subfield code="8">frefre</marc:subfield>
      <marc:subfield code="o">ISNI 0000 0000 0352 8725</marc:subfield>
      <marc:subfield code="a">Gauriat</marc:subfield>
      <marc:subfield code="b">Vincent</marc:subfield>
      <marc:subfield code="4">440</marc:subfield>
    </marc:datafield>
    <marc:datafield tag="631" ind1=" " ind2=" ">
      <marc:subfield code="3">UMLRM0135</marc:subfield>
      <marc:subfield code="7">ba0yba0y</marc:subfield>
      <marc:subfield code="8">freeng</marc:subfield>
      <marc:subfield code="a">Dracula : pages from a virgin's diary</marc:subfield>
      <marc:subfield code="c">film</marc:subfield>
    </marc:datafield>
    <marc:datafield tag="608" ind1=" " ind2=" ">
      <marc:subfield code="3">FRBNF11980539</marc:subfield>
      <marc:subfield code="a">Affiches de cinéma</marc:subfield>
      <marc:subfield code="2">rameauForme</marc:subfield>
    </marc:datafield>
    <marc:datafield tag="640" ind1="6" ind2=" ">
      <marc:subfield code="0">Date de première publication</marc:subfield>
      <marc:subfield code="f">#2003#####</marc:subfield>
    </marc:datafield>
    <marc:datafield tag="640" ind1="0" ind2=" ">
      <marc:subfield code="0">Date de sortie en salle du film</marc:subfield>
      <marc:subfield code="a">FR</marc:subfield>
      <marc:subfield code="f">#20031231#</marc:subfield>
    </marc:datafield>
    <marc:datafield tag="801" ind1=" " ind2="0">
      <marc:subfield code="a">FR</marc:subfield>
      <marc:subfield code="b">FR-751045101</marc:subfield>
      <marc:subfield code="c">20221024</marc:subfield>
    </marc:datafield>
    <marc:datafield tag="810" ind1=" " ind2=" ">
      <marc:subfield code="a">Dracula, pages tirées du journal d’une vierge, un film de Guy Maddin. – [Paris] : ED distribution, [2003] (Aubervilliers : Imprimerie Karcher). – [Texte noté. Image fixe : sans médiation]</marc:subfield>
    </marc:datafield>
  </marc:record>