
  <marc:record>
    <marc:leader>01510nx  a2200313   4500</marc:leader>
    <marc:controlfield tag="001">UMLRM0174</marc:controlfield>
    <marc:datafield tag="100" ind1=" " ind2=" ">
      <marc:subfield code="a">20221029afrey50      ba0</marc:subfield>
    </marc:datafield>
    <marc:datafield tag="102" ind1=" " ind2=" ">
      <marc:subfield code="a">FR</marc:subfield>
    </marc:datafield>
    <marc:datafield tag="104" ind1=" " ind2=" ">
      <marc:subfield code="a">d2013     </marc:subfield>
    </marc:datafield>
    <marc:datafield tag="125" ind1="0" ind2="0">
      <marc:subfield code="a">m</marc:subfield>
    </marc:datafield>
    <marc:datafield tag="140" ind1=" " ind2=" ">
      <marc:subfield code="a">ic</marc:subfield>
      <marc:subfield code="b">ff  </marc:subfield>
      <marc:subfield code="2">BnF-GenreFilm</marc:subfield>
    </marc:datafield>
    <marc:datafield tag="145" ind1="0" ind2=" ">
      <marc:subfield code="a">b</marc:subfield>
      <marc:subfield code="b">xa2ae </marc:subfield>
    </marc:datafield>
    <marc:datafield tag="147" ind1="0" ind2=" ">
      <marc:subfield code="a">h</marc:subfield>
      <marc:subfield code="e">b </marc:subfield>
    </marc:datafield>
    <marc:datafield tag="152" ind1=" " ind2=" ">
      <marc:subfield code="a">RDA-FR</marc:subfield>
    </marc:datafield>
    <marc:datafield tag="154" ind1=" " ind2=" ">
      <marc:subfield code="a">xa</marc:subfield>
    </marc:datafield>
    <marc:datafield tag="231" ind1=" " ind2=" ">
      <marc:subfield code="7">ba0yba0y</marc:subfield>
      <marc:subfield code="8">frefre</marc:subfield>
      <marc:subfield code="a">Les grands classiques du cinéma allemand</marc:subfield>
      <marc:subfield code="k">RDM vidéo</marc:subfield>
    </marc:datafield>
    <marc:datafield tag="333" ind1=" " ind2=" ">
      <marc:subfield code="a">Adultes, tout public</marc:subfield>
    </marc:datafield>
    <marc:datafield tag="370" ind1=" " ind2=" ">
      <marc:subfield code="a"> Coffret réunissant 6 films appartenant au cinéma expressionniste allemand, et dont 5 ont fait l’objet de publications séparées chez le même éditeur.</marc:subfield>
    </marc:datafield>
    <marc:datafield tag="501" ind1=" " ind2="1">
      <marc:subfield code="3">FRBNF11917269</marc:subfield>
      <marc:subfield code="7">ba0yba0y</marc:subfield>
      <marc:subfield code="8">freger</marc:subfield>
      <marc:subfield code="o">ISNI0000000122764261</marc:subfield>
      <marc:subfield code="a">Murnau</marc:subfield>
      <marc:subfield code="b">Friedrich Wilhelm</marc:subfield>
      <marc:subfield code="f">1888-1931</marc:subfield>
      <marc:subfield code="4">300</marc:subfield>
    </marc:datafield>
    <marc:datafield tag="501" ind1=" " ind2="1">
      <marc:subfield code="3">FRBNF12117839</marc:subfield>
      <marc:subfield code="7">ba0yba0y</marc:subfield>
      <marc:subfield code="8">freger</marc:subfield>
      <marc:subfield code="o">ISNI0000000121215105</marc:subfield>
      <marc:subfield code="a">Lang</marc:subfield>
      <marc:subfield code="b">Fritz</marc:subfield>
      <marc:subfield code="f">1890-1976</marc:subfield>
      <marc:subfield code="4">300</marc:subfield>
    </marc:datafield>
    <marc:datafield tag="501" ind1=" " ind2="1">
      <marc:subfield code="3">FRBNF15106528</marc:subfield>
      <marc:subfield code="7">ba0yba0y</marc:subfield>
      <marc:subfield code="8">fre###</marc:subfield>
      <marc:subfield code="o">ISNI0000000120371616</marc:subfield>
      <marc:subfield code="a">Wegener</marc:subfield>
      <marc:subfield code="b">Paul</marc:subfield>
      <marc:subfield code="f">1874-1948</marc:subfield>
      <marc:subfield code="4">300</marc:subfield>
    </marc:datafield>
    <marc:datafield tag="501" ind1=" " ind2="1">
      <marc:subfield code="3">FRBNF13576249</marc:subfield>
      <marc:subfield code="7">ba0yba0y</marc:subfield>
      <marc:subfield code="8">fre###</marc:subfield>
      <marc:subfield code="o">ISNI0000000355696677</marc:subfield>
      <marc:subfield code="a">Wiene</marc:subfield>
      <marc:subfield code="b">Robert</marc:subfield>
      <marc:subfield code="f">1881-1938</marc:subfield>
      <marc:subfield code="4">300</marc:subfield>
    </marc:datafield>
    <marc:datafield tag="511" ind1="2" ind2="0">
      <marc:subfield code="7">ba0yba0y</marc:subfield>
      <marc:subfield code="8">frefre</marc:subfield>
      <marc:subfield code="a">RDM Vidéo</marc:subfield>
      <marc:subfield code="4">340</marc:subfield>
    </marc:datafield>
    <marc:datafield tag="606" ind1=" " ind2=" ">
      <marc:subfield code="3">FRBNF12113861</marc:subfield>
      <marc:subfield code="a">Expressionnisme (cinéma)</marc:subfield>
      <marc:subfield code="3">FRBNF11949819</marc:subfield>
      <marc:subfield code="y">Allemagne</marc:subfield>
      <marc:subfield code="z">1918-1945</marc:subfield>
    </marc:datafield>
    <marc:datafield tag="608" ind1=" " ind2=" ">
      <marc:subfield code="3">FRBNF11934772</marc:subfield>
      <marc:subfield code="a">Anthologies</marc:subfield>
      <marc:subfield code="2">rameauForme</marc:subfield>
    </marc:datafield>
    <marc:datafield tag="608" ind1=" " ind2=" ">
      <marc:subfield code="3">FRBNF16242273</marc:subfield>
      <marc:subfield code="a">Films de fiction</marc:subfield>
      <marc:subfield code="2">rameauGenre</marc:subfield>
    </marc:datafield>
    <marc:datafield tag="640" ind1="6" ind2=" ">
      <marc:subfield code="0">Date de première publication</marc:subfield>
      <marc:subfield code="f">#2013#####</marc:subfield>
    </marc:datafield>
    <marc:datafield tag="801" ind1=" " ind2="0">
      <marc:subfield code="a">FR</marc:subfield>
      <marc:subfield code="b">FR-751131015</marc:subfield>
      <marc:subfield code="c">20221029</marc:subfield>
    </marc:datafield>
    <marc:datafield tag="810" ind1=" " ind2=" ">
      <marc:subfield code="a">Les grands classiques du cinéma allemand. – [Sannois] : RDM vidéo [éditeur, distributeur], [DL 2013]. – [Image animée : vidéo]</marc:subfield>
    </marc:datafield>
  </marc:record>