
  <marc:record>
    <marc:leader>01561nx  a2200301   4500</marc:leader>
    <marc:controlfield tag="001">UMLRM0175</marc:controlfield>
    <marc:datafield tag="100" ind1=" " ind2=" ">
      <marc:subfield code="a">20221029afrey50      ba0</marc:subfield>
    </marc:datafield>
    <marc:datafield tag="101" ind1="2" ind2=" ">
      <marc:subfield code="a">ger</marc:subfield>
      <marc:subfield code="a">fre</marc:subfield>
      <marc:subfield code="a">eng</marc:subfield>
      <marc:subfield code="c">ger</marc:subfield>
      <marc:subfield code="j">fre</marc:subfield>
    </marc:datafield>
    <marc:datafield tag="102" ind1=" " ind2=" ">
      <marc:subfield code="a">FR</marc:subfield>
    </marc:datafield>
    <marc:datafield tag="104" ind1=" " ind2=" ">
      <marc:subfield code="a">d2013     </marc:subfield>
    </marc:datafield>
    <marc:datafield tag="127" ind1=" " ind2=" ">
      <marc:subfield code="a">1130  </marc:subfield>
    </marc:datafield>
    <marc:datafield tag="145" ind1=" " ind2=" ">
      <marc:subfield code="a">b</marc:subfield>
      <marc:subfield code="b">xa2ae </marc:subfield>
    </marc:datafield>
    <marc:datafield tag="147" ind1=" " ind2=" ">
      <marc:subfield code="a">a</marc:subfield>
      <marc:subfield code="e">d</marc:subfield>
      <marc:subfield code="h">a</marc:subfield>
    </marc:datafield>
    <marc:datafield tag="147" ind1="1" ind2=" ">
      <marc:subfield code="a">h</marc:subfield>
      <marc:subfield code="e">c</marc:subfield>
      <marc:subfield code="h">b</marc:subfield>
    </marc:datafield>
    <marc:datafield tag="147" ind1="1" ind2=" ">
      <marc:subfield code="a">g</marc:subfield>
      <marc:subfield code="e">d</marc:subfield>
      <marc:subfield code="h">u</marc:subfield>
    </marc:datafield>
    <marc:datafield tag="147" ind1="1" ind2=" ">
      <marc:subfield code="a">e</marc:subfield>
      <marc:subfield code="e">d</marc:subfield>
      <marc:subfield code="h">b</marc:subfield>
    </marc:datafield>
    <marc:datafield tag="152" ind1=" " ind2=" ">
      <marc:subfield code="a"> RDA-FR</marc:subfield>
    </marc:datafield>
    <marc:datafield tag="154" ind1=" " ind2=" ">
      <marc:subfield code="a">xb</marc:subfield>
    </marc:datafield>
    <marc:datafield tag="232" ind1=" " ind2=" ">
      <marc:subfield code="3">UMLRM0174</marc:subfield>
      <marc:subfield code="7">ba0yba0y</marc:subfield>
      <marc:subfield code="8">frefre</marc:subfield>
      <marc:subfield code="a">Les grands classiques du cinéma allemand</marc:subfield>
      <marc:subfield code="k">RDM vidéo</marc:subfield>
      <marc:subfield code="m">Anglais, allemand, français ; sous-titrage en français</marc:subfield>
      <marc:subfield code="n">Image animée</marc:subfield>
    </marc:datafield>
    <marc:datafield tag="532" ind1=" " ind2=" ">
      <marc:subfield code="5">xxp</marc:subfield>
      <marc:subfield code="3">UMLRM0002</marc:subfield>
      <marc:subfield code="7">ba0yba0y</marc:subfield>
      <marc:subfield code="8">freger</marc:subfield>
      <marc:subfield code="t">Nosferatu, eine Symphonie des Grauens</marc:subfield>
      <marc:subfield code="c">film</marc:subfield>
      <marc:subfield code="l">Version restaurée</marc:subfield>
      <marc:subfield code="o">1995</marc:subfield>
      <marc:subfield code="w">60mn</marc:subfield>
      <marc:subfield code="m">Français</marc:subfield>
    </marc:datafield>
    <marc:datafield tag="532" ind1=" " ind2=" ">
      <marc:subfield code="5">xxp</marc:subfield>
      <marc:subfield code="7">ba0yba0y</marc:subfield>
      <marc:subfield code="8">freger</marc:subfield>
      <marc:subfield code="a">Der Golem wie er in die Welt kam</marc:subfield>
      <marc:subfield code="c">film</marc:subfield>
      <marc:subfield code="l">Version restaurée</marc:subfield>
      <marc:subfield code="o">2002</marc:subfield>
      <marc:subfield code="m">Anglais-français</marc:subfield>
    </marc:datafield>
    <marc:datafield tag="532" ind1=" " ind2=" ">
      <marc:subfield code="5">xxp</marc:subfield>
      <marc:subfield code="7">ba0yba0y</marc:subfield>
      <marc:subfield code="8">freger</marc:subfield>
      <marc:subfield code="a">M</marc:subfield>
      <marc:subfield code="c">film</marc:subfield>
      <marc:subfield code="l">Version restaurée</marc:subfield>
      <marc:subfield code="o">2003</marc:subfield>
      <marc:subfield code="m">Allemand ; sous-titrage en français</marc:subfield>
    </marc:datafield>
    <marc:datafield tag="532" ind1=" " ind2=" ">
      <marc:subfield code="5">xxp</marc:subfield>
      <marc:subfield code="7">ba0yba0y</marc:subfield>
      <marc:subfield code="8">freger</marc:subfield>
      <marc:subfield code="a">Das Cabinet des Dr. Caligari</marc:subfield>
      <marc:subfield code="c">film</marc:subfield>
      <marc:subfield code="l">Version teintée</marc:subfield>
      <marc:subfield code="o">1994</marc:subfield>
      <marc:subfield code="m">Allemand ; sous-titrage en français</marc:subfield>
    </marc:datafield>
    <marc:datafield tag="532" ind1=" " ind2=" ">
      <marc:subfield code="5">xxp</marc:subfield>
      <marc:subfield code="7">ba0yba0y</marc:subfield>
      <marc:subfield code="8">freger</marc:subfield>
      <marc:subfield code="a">Dr. Mabuse der Spieler</marc:subfield>
      <marc:subfield code="c">film</marc:subfield>
      <marc:subfield code="l">Version teintée</marc:subfield>
      <marc:subfield code="o">2000</marc:subfield>
      <marc:subfield code="m">Allemand ; sous-titrage en français</marc:subfield>
    </marc:datafield>
    <marc:datafield tag="532" ind1=" " ind2=" ">
      <marc:subfield code="5">xxp</marc:subfield>
      <marc:subfield code="7">ba0yba0y</marc:subfield>
      <marc:subfield code="8">freger</marc:subfield>
      <marc:subfield code="a">Faust, eine deutsche Volkssage</marc:subfield>
      <marc:subfield code="c">film</marc:subfield>
      <marc:subfield code="l">Version sépia</marc:subfield>
      <marc:subfield code="o">2002</marc:subfield>
      <marc:subfield code="m">Allemand ; sous-titrage en français</marc:subfield>
    </marc:datafield>
    <marc:datafield tag="640" ind1="6" ind2=" ">
      <marc:subfield code="0">Date de première publication</marc:subfield>
      <marc:subfield code="f">#2013#####</marc:subfield>
    </marc:datafield>
    <marc:datafield tag="801" ind1=" " ind2="0">
      <marc:subfield code="a">FR</marc:subfield>
      <marc:subfield code="b">FR-751131015</marc:subfield>
      <marc:subfield code="c">20221029</marc:subfield>
    </marc:datafield>
    <marc:datafield tag="810" ind1=" " ind2=" ">
      <marc:subfield code="a">Les grands classiques du cinéma allemand. – [Sannois] : RDM vidéo [éditeur, distributeur], [DL 2013]. – [Image animée : vidéo]</marc:subfield>
    </marc:datafield>
  </marc:record>