
  <marc:record>
    <marc:leader>01439nx  a2200241   4500</marc:leader>
    <marc:controlfield tag="001">UMLRM0184</marc:controlfield>
    <marc:datafield tag="100" ind1=" " ind2=" ">
      <marc:subfield code="a">20221109afrey50      ba0</marc:subfield>
    </marc:datafield>
    <marc:datafield tag="101" ind1="2" ind2=" ">
      <marc:subfield code="a">eng</marc:subfield>
      <marc:subfield code="a">ger</marc:subfield>
      <marc:subfield code="j">fre</marc:subfield>
    </marc:datafield>
    <marc:datafield tag="102" ind1=" " ind2=" ">
      <marc:subfield code="a">FR</marc:subfield>
    </marc:datafield>
    <marc:datafield tag="104" ind1=" " ind2=" ">
      <marc:subfield code="a">d2001     </marc:subfield>
    </marc:datafield>
    <marc:datafield tag="145" ind1=" " ind2=" ">
      <marc:subfield code="a">b</marc:subfield>
      <marc:subfield code="b">xa2ae </marc:subfield>
    </marc:datafield>
    <marc:datafield tag="147" ind1="1" ind2=" ">
      <marc:subfield code="a">h</marc:subfield>
      <marc:subfield code="e">c</marc:subfield>
      <marc:subfield code="h">c</marc:subfield>
    </marc:datafield>
    <marc:datafield tag="152" ind1=" " ind2=" ">
      <marc:subfield code="a"> RDA-FR</marc:subfield>
    </marc:datafield>
    <marc:datafield tag="154" ind1=" " ind2=" ">
      <marc:subfield code="a">xb</marc:subfield>
    </marc:datafield>
    <marc:datafield tag="232" ind1=" " ind2=" ">
      <marc:subfield code="3">UMLRM0129</marc:subfield>
      <marc:subfield code="7">ba0yba0y</marc:subfield>
      <marc:subfield code="8">freeng</marc:subfield>
      <marc:subfield code="a">Shadow of the vampire</marc:subfield>
      <marc:subfield code="c">film</marc:subfield>
      <marc:subfield code="m">Anglais ; sous titrage en français</marc:subfield>
    </marc:datafield>
    <marc:datafield tag="371" ind1=" " ind2=" ">
      <marc:subfield code="a">Encodage du son : format multicanal (Dolby digital 5.1)</marc:subfield>
      <marc:subfield code="f">Film en version anglaise avec sous-titrage en français</marc:subfield>
    </marc:datafield>
    <marc:datafield tag="432" ind1=" " ind2=" ">
      <marc:subfield code="7">ba0yba0y</marc:subfield>
      <marc:subfield code="8">frefre</marc:subfield>
      <marc:subfield code="a">L'ombre du vampire</marc:subfield>
      <marc:subfield code="c">film</marc:subfield>
      <marc:subfield code="m">Anglais ; sous titrage en français</marc:subfield>
    </marc:datafield>
    <marc:datafield tag="640" ind1="6" ind2=" ">
      <marc:subfield code="0">Date de première publication</marc:subfield>
      <marc:subfield code="f">#2001#####</marc:subfield>
    </marc:datafield>
    <marc:datafield tag="801" ind1=" " ind2="0">
      <marc:subfield code="a">FR</marc:subfield>
      <marc:subfield code="b">FR-751131015</marc:subfield>
      <marc:subfield code="c">20221108</marc:subfield>
    </marc:datafield>
    <marc:datafield tag="810" ind1=" " ind2=" ">
      <marc:subfield code="a">L'ombre du vampire = Shadow of the vampire / E. Elias Merhige, [réalisateur] ; Steven Katz, scénario ; Dan Jones, [compositeur] ; John Malkovitch, Willem Dafoe, Cary Elwes... [et autres], [acteurs]. – Paris : Studio Canal+ [éditeur] ; Antony : Universal pictures vidéo France SA [distributeur], 2001 (DL). – [Image animée : vidéo]. – Référence commerciale : 1962412 (Studio Canal)</marc:subfield>
    </marc:datafield>
    <marc:datafield tag="810" ind1=" " ind2=" ">
      <marc:subfield code="a">Wikipedia : https://fr.wikipedia.org/wiki/L%27Ombre_du_vampire (2022-11-08)</marc:subfield>
    </marc:datafield>
    <marc:datafield tag="810" ind1=" " ind2=" ">
      <marc:subfield code="a">Ciné-ressources : catalogue collectif des bibliothèques et archives de cinéma : http://www.cineressources.net (2022-11-08)</marc:subfield>
    </marc:datafield>
    <marc:datafield tag="810" ind1=" " ind2=" ">
      <marc:subfield code="a">IMDB (Internet movie database) : https://www.imdb.com/title/tt0189998 (2022-11-08)</marc:subfield>
    </marc:datafield>
  </marc:record>