
  <marc:record>
    <marc:leader>02174cx  a2200349   4500</marc:leader>
    <marc:controlfield tag="001">UMLRM0186</marc:controlfield>
    <marc:controlfield tag="005">202208301048##.D</marc:controlfield>
    <marc:datafield tag="100" ind1=" " ind2=" ">
      <marc:subfield code="a">20220830afrey50      ba0</marc:subfield>
    </marc:datafield>
    <marc:datafield tag="101" ind1="0" ind2=" ">
      <marc:subfield code="a">fre</marc:subfield>
    </marc:datafield>
    <marc:datafield tag="102" ind1=" " ind2=" ">
      <marc:subfield code="a">FR</marc:subfield>
    </marc:datafield>
    <marc:datafield tag="104" ind1=" " ind2=" ">
      <marc:subfield code="a">d2011     </marc:subfield>
      <marc:subfield code="b">d2012     </marc:subfield>
    </marc:datafield>
    <marc:datafield tag="125" ind1="0" ind2="0">
      <marc:subfield code="a">m</marc:subfield>
    </marc:datafield>
    <marc:datafield tag="140" ind1=" " ind2=" ">
      <marc:subfield code="a">mi</marc:subfield>
      <marc:subfield code="b">bdfta</marc:subfield>
      <marc:subfield code="2">BnF-FormeOeuvreMixte</marc:subfield>
    </marc:datafield>
    <marc:datafield tag="145" ind1="0" ind2=" ">
      <marc:subfield code="a">b</marc:subfield>
      <marc:subfield code="b">xb2e  </marc:subfield>
    </marc:datafield>
    <marc:datafield tag="145" ind1="0" ind2=" ">
      <marc:subfield code="a">i</marc:subfield>
      <marc:subfield code="b">axxe  </marc:subfield>
    </marc:datafield>
    <marc:datafield tag="147" ind1="0" ind2=" ">
      <marc:subfield code="a">g</marc:subfield>
    </marc:datafield>
    <marc:datafield tag="152" ind1=" " ind2=" ">
      <marc:subfield code="a">RDA-FR</marc:subfield>
    </marc:datafield>
    <marc:datafield tag="154" ind1=" " ind2=" ">
      <marc:subfield code="a">xa</marc:subfield>
    </marc:datafield>
    <marc:datafield tag="241" ind1=" " ind2="1">
      <marc:subfield code="3">FRBNF15539985</marc:subfield>
      <marc:subfield code="o">ISNI 0000 0001 2020 4631</marc:subfield>
      <marc:subfield code="a">Dufranne, Michel (1970-....)</marc:subfield>
      <marc:subfield code="3">FRBNF15072903</marc:subfield>
      <marc:subfield code="o">ISNI 0000 0001 0989 9671</marc:subfield>
      <marc:subfield code="a">Kowalski, Piotr (1973-....)</marc:subfield>
      <marc:subfield code="t">Dracula l’immortel</marc:subfield>
      <marc:subfield code="7">ba0yba0y</marc:subfield>
      <marc:subfield code="8">frefre</marc:subfield>
    </marc:datafield>
    <marc:datafield tag="501" ind1=" " ind2="1">
      <marc:subfield code="3">FRBNF15539985</marc:subfield>
      <marc:subfield code="7">ba0yba0y</marc:subfield>
      <marc:subfield code="8">frefre</marc:subfield>
      <marc:subfield code="o">ISNI 0000 0001 2020 4631</marc:subfield>
      <marc:subfield code="a">Dufranne</marc:subfield>
      <marc:subfield code="b">Michel</marc:subfield>
      <marc:subfield code="f">1970-....</marc:subfield>
      <marc:subfield code="4">070</marc:subfield>
    </marc:datafield>
    <marc:datafield tag="501" ind1=" " ind2="1">
      <marc:subfield code="3">FRBNF15072903</marc:subfield>
      <marc:subfield code="7">ba0yba0y</marc:subfield>
      <marc:subfield code="8">frepol</marc:subfield>
      <marc:subfield code="o">ISNI 0000 0001 0989 9671</marc:subfield>
      <marc:subfield code="a">Kowalski</marc:subfield>
      <marc:subfield code="b">Piotr</marc:subfield>
      <marc:subfield code="f">1973-....</marc:subfield>
      <marc:subfield code="4">440</marc:subfield>
    </marc:datafield>
    <marc:datafield tag="501" ind1=" " ind2="0">
      <marc:subfield code="3">FRBNF16803054</marc:subfield>
      <marc:subfield code="7">ba0yba0y</marc:subfield>
      <marc:subfield code="8">fre###</marc:subfield>
      <marc:subfield code="o">ISNI 0000 0003 6897 4373</marc:subfield>
      <marc:subfield code="a">Svart</marc:subfield>
      <marc:subfield code="f">1978-....]</marc:subfield>
      <marc:subfield code="4">410</marc:subfield>
    </marc:datafield>
    <marc:datafield tag="541" ind1=" " ind2="1">
      <marc:subfield code="5">xxa</marc:subfield>
      <marc:subfield code="p">Est une adaptation dans un autre mode de création de [œuvre]</marc:subfield>
      <marc:subfield code="3">UMLRM0114</marc:subfield>
      <marc:subfield code="7">ba0yba0y</marc:subfield>
      <marc:subfield code="8">freeng</marc:subfield>
      <marc:subfield code="a">Stoker, Dacre</marc:subfield>
      <marc:subfield code="a">Holt, Ian (1964-….)</marc:subfield>
      <marc:subfield code="t">Dracula, the un-dead</marc:subfield>
    </marc:datafield>
    <marc:datafield tag="541" ind1=" " ind2="1">
      <marc:subfield code="5">xxe</marc:subfield>
      <marc:subfield code="p">A pour partie [œuvre]</marc:subfield>
      <marc:subfield code="7">ba0yba0y</marc:subfield>
      <marc:subfield code="8">frefre</marc:subfield>
      <marc:subfield code="a">Dufranne, Michel (1970-....)</marc:subfield>
      <marc:subfield code="a">Kowalski, Piotr (1973-....)</marc:subfield>
      <marc:subfield code="t">Dracula l’immortel</marc:subfield>
      <marc:subfield code="h">1</marc:subfield>
    </marc:datafield>
    <marc:datafield tag="541" ind1=" " ind2="1">
      <marc:subfield code="5">xxe</marc:subfield>
      <marc:subfield code="p">A pour partie [œuvre]</marc:subfield>
      <marc:subfield code="3">UMLRM0117</marc:subfield>
      <marc:subfield code="7">ba0yba0y</marc:subfield>
      <marc:subfield code="8">frefre</marc:subfield>
      <marc:subfield code="a">Dufranne, Michel (1970-....)</marc:subfield>
      <marc:subfield code="a">Kowalski, Piotr (1973-....)</marc:subfield>
      <marc:subfield code="t">Dracula l’immortel</marc:subfield>
      <marc:subfield code="h">2</marc:subfield>
    </marc:datafield>
    <marc:datafield tag="541" ind1=" " ind2="1">
      <marc:subfield code="5">xxe</marc:subfield>
      <marc:subfield code="p">A pour partie [œuvre]</marc:subfield>
      <marc:subfield code="7">ba0yba0y</marc:subfield>
      <marc:subfield code="8">frefre</marc:subfield>
      <marc:subfield code="a">Dufranne, Michel (1970-....)</marc:subfield>
      <marc:subfield code="a">Kowalski, Piotr (1973-....)</marc:subfield>
      <marc:subfield code="t">Dracula l’immortel</marc:subfield>
      <marc:subfield code="h">3</marc:subfield>
    </marc:datafield>
    <marc:datafield tag="608" ind1=" " ind2=" ">
      <marc:subfield code="3">FRBNF16555383</marc:subfield>
      <marc:subfield code="a">Bandes dessinées fantastiques</marc:subfield>
      <marc:subfield code="2">rameauGenre</marc:subfield>
    </marc:datafield>
    <marc:datafield tag="640" ind1="6" ind2=" ">
      <marc:subfield code="0">Date de première publication</marc:subfield>
      <marc:subfield code="f">#2011#####</marc:subfield>
      <marc:subfield code="i">#2012#####</marc:subfield>
    </marc:datafield>
    <marc:datafield tag="801" ind1=" " ind2="0">
      <marc:subfield code="a">FR</marc:subfield>
      <marc:subfield code="b">FR-751043001</marc:subfield>
      <marc:subfield code="c">20220721</marc:subfield>
    </marc:datafield>
    <marc:datafield tag="810" ind1=" " ind2=" ">
      <marc:subfield code="a">Bédéthèque : https://www.bedetheque.com/serie-30273-BD-Dracula-l-Immortel.html (2022-11-09)</marc:subfield>
    </marc:datafield>
    <marc:datafield tag="810" ind1=" " ind2=" ">
      <marc:subfield code="a">Dracula l'immortel. 2 / scénario, Michel Dufranne ; dessin, Piotr Kowalski ; couleurs, Svart ; d'après l'ouvrage de Dacre Stoker et Ian Holt. – [Neuilly-sur-Seine] : Michel Lafon ; [Paris] : Casterman, impr. 2012. – [Texte noté. Image fixe : sans médiation]. – ISBN 978-2-203-03785-4</marc:subfield>
    </marc:datafield>
    <marc:datafield tag="810" ind1=" " ind2=" ">
      <marc:subfield code="a">http://ark.bnf.fr/ark:/12148/cb42527702b</marc:subfield>
    </marc:datafield>
  </marc:record>