
  <marc:record>
    <marc:leader>01597cx  a2200301   4500</marc:leader>
    <marc:controlfield tag="001">UMLRM0187</marc:controlfield>
    <marc:datafield tag="100" ind1=" " ind2=" ">
      <marc:subfield code="a"> 20221110d2009 u y0frey50 ba</marc:subfield>
    </marc:datafield>
    <marc:datafield tag="101" ind1="1" ind2=" ">
      <marc:subfield code="a">fre</marc:subfield>
      <marc:subfield code="c">eng</marc:subfield>
    </marc:datafield>
    <marc:datafield tag="102" ind1=" " ind2=" ">
      <marc:subfield code="a">FR</marc:subfield>
    </marc:datafield>
    <marc:datafield tag="104" ind1=" " ind2=" ">
      <marc:subfield code="a">d2009     </marc:subfield>
    </marc:datafield>
    <marc:datafield tag="127" ind1=" " ind2=" ">
      <marc:subfield code="a">1550  </marc:subfield>
    </marc:datafield>
    <marc:datafield tag="145" ind1=" " ind2=" ">
      <marc:subfield code="a">h</marc:subfield>
      <marc:subfield code="b">xxxa  </marc:subfield>
    </marc:datafield>
    <marc:datafield tag="152" ind1=" " ind2=" ">
      <marc:subfield code="a"> RDA-FR</marc:subfield>
    </marc:datafield>
    <marc:datafield tag="154" ind1=" " ind2=" ">
      <marc:subfield code="a">xb</marc:subfield>
    </marc:datafield>
    <marc:datafield tag="242" ind1=" " ind2="1">
      <marc:subfield code="3">UMLRM0004</marc:subfield>
      <marc:subfield code="7">ba0yba0y</marc:subfield>
      <marc:subfield code="8">freeng</marc:subfield>
      <marc:subfield code="a">Stoker, Bram (1847-1912)</marc:subfield>
      <marc:subfield code="t">Dracula</marc:subfield>
      <marc:subfield code="m">Français</marc:subfield>
      <marc:subfield code="n">Parole énoncée</marc:subfield>
    </marc:datafield>
    <marc:datafield tag="502" ind1=" " ind2="1">
      <marc:subfield code="3">FRBNF14223639</marc:subfield>
      <marc:subfield code="7">ba0yba0y</marc:subfield>
      <marc:subfield code="8">frefre</marc:subfield>
      <marc:subfield code="o">ISNI 0000 0000 6023 2891</marc:subfield>
      <marc:subfield code="a">Saint-Père</marc:subfield>
      <marc:subfield code="b">Arnaud</marc:subfield>
      <marc:subfield code="4">550</marc:subfield>
      <marc:subfield code="4">vre</marc:subfield>
    </marc:datafield>
    <marc:datafield tag="502" ind1=" " ind2="1">
      <marc:subfield code="3">FRBNF14179272</marc:subfield>
      <marc:subfield code="7">ba0yba0y</marc:subfield>
      <marc:subfield code="8">frefre</marc:subfield>
      <marc:subfield code="a">Fuchs</marc:subfield>
      <marc:subfield code="b">Arnaud-Didier</marc:subfield>
      <marc:subfield code="4">550</marc:subfield>
      <marc:subfield code="4">vre</marc:subfield>
    </marc:datafield>
    <marc:datafield tag="502" ind1=" " ind2="1">
      <marc:subfield code="3">FRBNF13938299</marc:subfield>
      <marc:subfield code="7">ba0yba0y</marc:subfield>
      <marc:subfield code="8">frefre</marc:subfield>
      <marc:subfield code="a">Hérisson</marc:subfield>
      <marc:subfield code="b">Philippe</marc:subfield>
      <marc:subfield code="4">550</marc:subfield>
      <marc:subfield code="4">vre</marc:subfield>
    </marc:datafield>
    <marc:datafield tag="502" ind1=" " ind2="1">
      <marc:subfield code="3">FRBNF14171340</marc:subfield>
      <marc:subfield code="7">ba0yba0y</marc:subfield>
      <marc:subfield code="8">frefre</marc:subfield>
      <marc:subfield code="o">ISNI 0000 0000 7272 7189</marc:subfield>
      <marc:subfield code="a">Dessaux</marc:subfield>
      <marc:subfield code="b">Alexis</marc:subfield>
      <marc:subfield code="f">1961-....</marc:subfield>
      <marc:subfield code="4">550</marc:subfield>
      <marc:subfield code="4">vre</marc:subfield>
    </marc:datafield>
    <marc:datafield tag="502" ind1=" " ind2="1">
      <marc:subfield code="3">FRBNF14179539</marc:subfield>
      <marc:subfield code="7">ba0yba0y</marc:subfield>
      <marc:subfield code="8">frefre</marc:subfield>
      <marc:subfield code="o">ISNI 0000 0000 0112 3548</marc:subfield>
      <marc:subfield code="a">Gaber</marc:subfield>
      <marc:subfield code="b">Floriane</marc:subfield>
      <marc:subfield code="f">1962-....</marc:subfield>
      <marc:subfield code="4">550</marc:subfield>
      <marc:subfield code="4">vre</marc:subfield>
    </marc:datafield>
    <marc:datafield tag="502" ind1=" " ind2="1">
      <marc:subfield code="3">FRBNF13939901</marc:subfield>
      <marc:subfield code="7">ba0yba0y</marc:subfield>
      <marc:subfield code="8">frefre</marc:subfield>
      <marc:subfield code="a">Leclerc</marc:subfield>
      <marc:subfield code="b">Thierry</marc:subfield>
      <marc:subfield code="4">550</marc:subfield>
      <marc:subfield code="4">vre</marc:subfield>
    </marc:datafield>
    <marc:datafield tag="502" ind1=" " ind2="1">
      <marc:subfield code="3">FRBNF14029412</marc:subfield>
      <marc:subfield code="7">ba0yba0y</marc:subfield>
      <marc:subfield code="8">frefre</marc:subfield>
      <marc:subfield code="o">ISNI 0000 0000 0137 1437</marc:subfield>
      <marc:subfield code="a">Pitaressi</marc:subfield>
      <marc:subfield code="b">Maria</marc:subfield>
      <marc:subfield code="4">550</marc:subfield>
      <marc:subfield code="4">vre</marc:subfield>
    </marc:datafield>
    <marc:datafield tag="502" ind1=" " ind2="1">
      <marc:subfield code="3">FRBNF14173479</marc:subfield>
      <marc:subfield code="7">ba0yba0y</marc:subfield>
      <marc:subfield code="8">frefre</marc:subfield>
      <marc:subfield code="a">Duchiron</marc:subfield>
      <marc:subfield code="b">Marie-Laetitia</marc:subfield>
      <marc:subfield code="4">550</marc:subfield>
      <marc:subfield code="4">vre</marc:subfield>
    </marc:datafield>
    <marc:datafield tag="502" ind1=" " ind2="1">
      <marc:subfield code="3">FRBNF13938294</marc:subfield>
      <marc:subfield code="7">ba0yba0y</marc:subfield>
      <marc:subfield code="8">frefre</marc:subfield>
      <marc:subfield code="o">ISNI 0000 0000 0146 0261</marc:subfield>
      <marc:subfield code="a">Rey</marc:subfield>
      <marc:subfield code="b">Jean Claude</marc:subfield>
      <marc:subfield code="f">19..-....</marc:subfield>
      <marc:subfield code="c">acteur</marc:subfield>
      <marc:subfield code="4">550</marc:subfield>
      <marc:subfield code="4">vre</marc:subfield>
    </marc:datafield>
    <marc:datafield tag="502" ind1=" " ind2="1">
      <marc:subfield code="3">FRBNF13930210</marc:subfield>
      <marc:subfield code="7">ba0yba0y</marc:subfield>
      <marc:subfield code="8">frefre</marc:subfield>
      <marc:subfield code="a">Val</marc:subfield>
      <marc:subfield code="b">Pierre</marc:subfield>
      <marc:subfield code="4">550</marc:subfield>
      <marc:subfield code="4">vre</marc:subfield>
    </marc:datafield>
    <marc:datafield tag="640" ind1="6" ind2=" ">
      <marc:subfield code="0">Date de première publication</marc:subfield>
      <marc:subfield code="f">#2009#####</marc:subfield>
    </marc:datafield>
    <marc:datafield tag="801" ind1=" " ind2="0">
      <marc:subfield code="a">FR</marc:subfield>
      <marc:subfield code="b">BnF</marc:subfield>
      <marc:subfield code="c">20221110</marc:subfield>
    </marc:datafield>
    <marc:datafield tag="810" ind1=" " ind2=" ">
      <marc:subfield code="a">Dracula : texte intégral / Bram Stoker ; interprété par Philippe Hérisson, Pierre Val, Jean-Claude Rey... [et autres]. –Paris : Livraphone, DL 2009. – [Enregistrement sonore]</marc:subfield>
    </marc:datafield>
  </marc:record>