
  <marc:record>
    <marc:leader>01306cx  a2200229   4500</marc:leader>
    <marc:controlfield tag="001">UMLRM0189</marc:controlfield>
    <marc:controlfield tag="005">20221004####.D</marc:controlfield>
    <marc:datafield tag="100" ind1=" " ind2=" ">
      <marc:subfield code="a">20221004afrey50      ba0 </marc:subfield>
    </marc:datafield>
    <marc:datafield tag="101" ind1="2" ind2=" ">
      <marc:subfield code="a">eng</marc:subfield>
      <marc:subfield code="j">fre </marc:subfield>
    </marc:datafield>
    <marc:datafield tag="102" ind1=" " ind2=" ">
      <marc:subfield code="a">FR </marc:subfield>
    </marc:datafield>
    <marc:datafield tag="104" ind1=" " ind2=" ">
      <marc:subfield code="a">d2009      </marc:subfield>
    </marc:datafield>
    <marc:datafield tag="105" ind1=" " ind2=" ">
      <marc:subfield code="a">ba </marc:subfield>
    </marc:datafield>
    <marc:datafield tag="127" ind1=" " ind2=" ">
      <marc:subfield code="a">012700</marc:subfield>
    </marc:datafield>
    <marc:datafield tag="145" ind1=" " ind2=" ">
      <marc:subfield code="a">b</marc:subfield>
      <marc:subfield code="b">xa2ae  </marc:subfield>
    </marc:datafield>
    <marc:datafield tag="147" ind1="1" ind2=" ">
      <marc:subfield code="a">g</marc:subfield>
      <marc:subfield code="e">c</marc:subfield>
      <marc:subfield code="h">c</marc:subfield>
    </marc:datafield>
    <marc:datafield tag="152" ind1=" " ind2=" ">
      <marc:subfield code="a"> RDA-FR </marc:subfield>
    </marc:datafield>
    <marc:datafield tag="154" ind1=" " ind2=" ">
      <marc:subfield code="a">xb </marc:subfield>
    </marc:datafield>
    <marc:datafield tag="232" ind1=" " ind2=" ">
      <marc:subfield code="3">UMLRM0120</marc:subfield>
      <marc:subfield code="7">ba0yba0y</marc:subfield>
      <marc:subfield code="8">freeng</marc:subfield>
      <marc:subfield code="a">Dracula, dead and loving it</marc:subfield>
      <marc:subfield code="c">film</marc:subfield>
      <marc:subfield code="m">Anglais ; sous-titrage optionnel en français</marc:subfield>
      <marc:subfield code="o">2009</marc:subfield>
    </marc:datafield>
    <marc:datafield tag="371" ind1=" " ind2=" ">
      <marc:subfield code="a">Encodage du son : Dolby surround 2.0</marc:subfield>
      <marc:subfield code="f">Version remastérisée : nouveau master numérique haute définition</marc:subfield>
      <marc:subfield code="f">Sous-titrage optionnel en français</marc:subfield>
      <marc:subfield code="f">Copyright : Gaumont vidéo, 2009</marc:subfield>
    </marc:datafield>
    <marc:datafield tag="640" ind1="0" ind2=" ">
      <marc:subfield code="0">Date de copyright</marc:subfield>
      <marc:subfield code="f">#2009#####</marc:subfield>
    </marc:datafield>
    <marc:datafield tag="801" ind1=" " ind2="0">
      <marc:subfield code="a">FR</marc:subfield>
      <marc:subfield code="b">FR-751052119</marc:subfield>
      <marc:subfield code="c">20221004</marc:subfield>
    </marc:datafield>
    <marc:datafield tag="810" ind1=" " ind2=" ">
      <marc:subfield code="a"> Dracula, mort et heureux de l'être = Dracula dead and loving it / un film de Mel Brooks ; Leslie Nielsen, Peter MacNicol, Steven Weber... [et autres], [acteurs] ; musique, Hummie Mann ; histoire de Rudy De Luca &amp; Steve Haberman ; scénario de Mel Brooks &amp; Rudy De Luca &amp; Steve Haberman ; produit et réalisé par Mel Brooks. – Neuilly-sur-Seine : Gaumont vidéo [éditeur] ; Boulogne-Billancourt : Paramount home entertainment France [distributeur], 2009. – [Image animée : vidéo]. – Référence commerciale : FG 315 880 (EDV 1504)</marc:subfield>
    </marc:datafield>
  </marc:record>