
  <marc:record>
    <marc:leader>02272nx  a2200361   4500</marc:leader>
    <marc:controlfield tag="001">UMLRM0191</marc:controlfield>
    <marc:datafield tag="100" ind1=" " ind2=" ">
      <marc:subfield code="a">20221114afrey50      ba0</marc:subfield>
    </marc:datafield>
    <marc:datafield tag="101" ind1="0" ind2=" ">
      <marc:subfield code="a">eng</marc:subfield>
    </marc:datafield>
    <marc:datafield tag="102" ind1=" " ind2=" ">
      <marc:subfield code="a">US</marc:subfield>
    </marc:datafield>
    <marc:datafield tag="104" ind1=" " ind2=" ">
      <marc:subfield code="a">d1938     </marc:subfield>
    </marc:datafield>
    <marc:datafield tag="125" ind1="0" ind2=" ">
      <marc:subfield code="a">m</marc:subfield>
    </marc:datafield>
    <marc:datafield tag="127" ind1="0" ind2=" ">
      <marc:subfield code="a">010000</marc:subfield>
    </marc:datafield>
    <marc:datafield tag="140" ind1=" " ind2=" ">
      <marc:subfield code="a">te</marc:subfield>
      <marc:subfield code="b">thrad</marc:subfield>
      <marc:subfield code="2">BnF-GenrLitt</marc:subfield>
    </marc:datafield>
    <marc:datafield tag="145" ind1="0" ind2=" ">
      <marc:subfield code="a">h</marc:subfield>
      <marc:subfield code="b">xxxa  </marc:subfield>
    </marc:datafield>
    <marc:datafield tag="145" ind1="0" ind2=" ">
      <marc:subfield code="a">d</marc:subfield>
      <marc:subfield code="b">bxxa  </marc:subfield>
    </marc:datafield>
    <marc:datafield tag="152" ind1=" " ind2=" ">
      <marc:subfield code="a">RDA-FR</marc:subfield>
    </marc:datafield>
    <marc:datafield tag="154" ind1=" " ind2=" ">
      <marc:subfield code="a">xa</marc:subfield>
    </marc:datafield>
    <marc:datafield tag="231" ind1=" " ind2=" ">
      <marc:subfield code="a">Dracula</marc:subfield>
      <marc:subfield code="c">émission radiophonique</marc:subfield>
      <marc:subfield code="d">1938</marc:subfield>
      <marc:subfield code="7">ba0yba0y</marc:subfield>
      <marc:subfield code="8">freeng</marc:subfield>
    </marc:datafield>
    <marc:datafield tag="370" ind1=" " ind2=" ">
      <marc:subfield code="c">Adaptation à la radio du roman de Bram Stoker par Orson Welles et John Houseman, telle que diffusée le lundi 11 juillet 1938 dans la série radiophonique "The Mercury theatre on the air", dont elle constitue le premier épisode.</marc:subfield>
    </marc:datafield>
    <marc:datafield tag="501" ind1=" " ind2="1">
      <marc:subfield code="3">FRBNF13939725</marc:subfield>
      <marc:subfield code="7">ba0yba0y</marc:subfield>
      <marc:subfield code="8">freeng</marc:subfield>
      <marc:subfield code="o">ISNI 0000 0000 8154 3111</marc:subfield>
      <marc:subfield code="a">Houseman</marc:subfield>
      <marc:subfield code="b">John</marc:subfield>
      <marc:subfield code="f">1902-1988</marc:subfield>
      <marc:subfield code="4">010</marc:subfield>
    </marc:datafield>
    <marc:datafield tag="501" ind1=" " ind2="1">
      <marc:subfield code="3">FRBNF11929051</marc:subfield>
      <marc:subfield code="7">ba0yba0y</marc:subfield>
      <marc:subfield code="8">freeng</marc:subfield>
      <marc:subfield code="o">ISNI 0000 0001 2096 8527</marc:subfield>
      <marc:subfield code="a">Welles</marc:subfield>
      <marc:subfield code="b">Orson</marc:subfield>
      <marc:subfield code="f">1915-1985</marc:subfield>
      <marc:subfield code="4">010</marc:subfield>
    </marc:datafield>
    <marc:datafield tag="501" ind1=" " ind2="1">
      <marc:subfield code="3">FRBNF13939727</marc:subfield>
      <marc:subfield code="7">ba0yba0y</marc:subfield>
      <marc:subfield code="8">freeng</marc:subfield>
      <marc:subfield code="o">ISNI 0000 0000 5185 6942</marc:subfield>
      <marc:subfield code="a">Coulouris</marc:subfield>
      <marc:subfield code="b">George</marc:subfield>
      <marc:subfield code="f">1903-1989</marc:subfield>
      <marc:subfield code="4">550</marc:subfield>
    </marc:datafield>
    <marc:datafield tag="501" ind1=" " ind2="1">
      <marc:subfield code="3">FRBNF14048104</marc:subfield>
      <marc:subfield code="7">ba0yba0y</marc:subfield>
      <marc:subfield code="8">fre###</marc:subfield>
      <marc:subfield code="o">ISNI 0000 0001 1584 4474</marc:subfield>
      <marc:subfield code="a">Gabel</marc:subfield>
      <marc:subfield code="b">Martin</marc:subfield>
      <marc:subfield code="f">1912-1986</marc:subfield>
      <marc:subfield code="4">550</marc:subfield>
    </marc:datafield>
    <marc:datafield tag="501" ind1=" " ind2="1">
      <marc:subfield code="3">FRBNF11929051</marc:subfield>
      <marc:subfield code="7">ba0yba0y</marc:subfield>
      <marc:subfield code="8">freeng</marc:subfield>
      <marc:subfield code="o">ISNI 0000 0001 2096 8527</marc:subfield>
      <marc:subfield code="a">Welles</marc:subfield>
      <marc:subfield code="b">Orson</marc:subfield>
      <marc:subfield code="f">1915-1985</marc:subfield>
      <marc:subfield code="4">550</marc:subfield>
      <marc:subfield code="4">300</marc:subfield>
    </marc:datafield>
    <marc:datafield tag="501" ind1=" " ind2="1">
      <marc:subfield code="3">FRBNF13895169</marc:subfield>
      <marc:subfield code="7">ba0yba0y</marc:subfield>
      <marc:subfield code="8">fre###</marc:subfield>
      <marc:subfield code="o">ISNI 0000 0001 2121 0662</marc:subfield>
      <marc:subfield code="a">Herrmann</marc:subfield>
      <marc:subfield code="b">Bernard</marc:subfield>
      <marc:subfield code="f">1911-1975</marc:subfield>
      <marc:subfield code="4">230</marc:subfield>
    </marc:datafield>
    <marc:datafield tag="511" ind1="0" ind2="2">
      <marc:subfield code="3">FRBNF11941628</marc:subfield>
      <marc:subfield code="7">ba0yba0y</marc:subfield>
      <marc:subfield code="8">freeng</marc:subfield>
      <marc:subfield code="a">Columbia broadcasting system</marc:subfield>
      <marc:subfield code="4">665</marc:subfield>
    </marc:datafield>
    <marc:datafield tag="531" ind1=" " ind2=" ">
      <marc:subfield code="5">xxd</marc:subfield>
      <marc:subfield code="3">UMLRM0194</marc:subfield>
      <marc:subfield code="a">The Mercury theatre on the air</marc:subfield>
      <marc:subfield code="c">série radiophonique</marc:subfield>
      <marc:subfield code="7">ba0yba0y</marc:subfield>
      <marc:subfield code="8">freeng</marc:subfield>
    </marc:datafield>
    <marc:datafield tag="541" ind1=" " ind2="1">
      <marc:subfield code="5">xxa</marc:subfield>
      <marc:subfield code="p">Est une adaptation dans un autre mode de création de [œuvre]</marc:subfield>
      <marc:subfield code="3">UMLRM0004</marc:subfield>
      <marc:subfield code="7">ba0yba0y</marc:subfield>
      <marc:subfield code="8">fre###</marc:subfield>
      <marc:subfield code="a">Stoker</marc:subfield>
      <marc:subfield code="b">Bram (1847-1912)</marc:subfield>
      <marc:subfield code="t">Dracula</marc:subfield>
    </marc:datafield>
    <marc:datafield tag="608" ind1=" " ind2=" ">
      <marc:subfield code="3">FRBNF11975086</marc:subfield>
      <marc:subfield code="a">Théâtre radiophonique</marc:subfield>
      <marc:subfield code="2">rameauGenre</marc:subfield>
    </marc:datafield>
    <marc:datafield tag="640" ind1="6" ind2=" ">
      <marc:subfield code="a">US</marc:subfield>
      <marc:subfield code="e">CBS radio</marc:subfield>
      <marc:subfield code="f">#19380711#</marc:subfield>
    </marc:datafield>
    <marc:datafield tag="801" ind1=" " ind2=" ">
      <marc:subfield code="a">FR</marc:subfield>
      <marc:subfield code="b">FR-751131015</marc:subfield>
      <marc:subfield code="c">20221114</marc:subfield>
    </marc:datafield>
    <marc:datafield tag="810" ind1=" " ind2=" ">
      <marc:subfield code="a"> Dracula : original radio adaptation as heard on the Mercury theatre on the air / starring Orson Welles ; based on the novel by Bram Stoker ; adapted for radio by Orson Welles and John Houseman ; performed by Orson Welles, Martin Gabel, George Coulouris... [et autres]. – Schiller park (Illinois) : Radio spirits, P 2001. – [Parole énoncée : audio]. – 7031 (Radio spirits)</marc:subfield>
    </marc:datafield>
    <marc:datafield tag="810" ind1=" " ind2=" ">
      <marc:subfield code="a">Wikipédia : https://en.wikipedia.org/wiki/Dracula_(radio_drama) (2022-11-14)</marc:subfield>
    </marc:datafield>
  </marc:record>